
<record xmlns:xs="http://www.w3.org/2001/XMLSchema">
         <leader>     cam a22     2  4500</leader>
         <controlfield tag="001">298862433</controlfield>
         <controlfield tag="003">CHVBK</controlfield>
         <controlfield tag="005">20171020052937.0</controlfield>
         <controlfield tag="008">131021s1959    gw            00    ger  </controlfield>
         <datafield tag="019" ind1=" " ind2=" ">
            <subfield code="a">RekatMedea: 125.0620</subfield>
            <subfield code="5">akswa</subfield>
         </datafield>
         <datafield tag="035" ind1=" " ind2=" ">
            <subfield code="a">(IDSBB)003842670</subfield>
         </datafield>
         <datafield tag="035" ind1=" " ind2=" ">
            <subfield code="a">(IDSSG)000440300</subfield>
         </datafield>
         <datafield tag="040" ind1=" " ind2=" ">
            <subfield code="a">SzZuIDS NEBIS ETH-BIB</subfield>
            <subfield code="d">SzZuIDS BS/BE A125</subfield>
            <subfield code="e">kids</subfield>
         </datafield>
         <datafield tag="084" ind1=" " ind2=" ">
            <subfield code="a">QL 000</subfield>
            <subfield code="2">rvk</subfield>
         </datafield>
         <datafield tag="084" ind1=" " ind2=" ">
            <subfield code="a">QL 270</subfield>
            <subfield code="2">rvk</subfield>
         </datafield>
         <datafield tag="084" ind1=" " ind2=" ">
            <subfield code="a">QL 280</subfield>
            <subfield code="2">rvk</subfield>
         </datafield>
         <datafield tag="100" ind1="1" ind2=" ">
            <subfield code="a">Rueff</subfield>
            <subfield code="D">Jacques</subfield>
         </datafield>
         <datafield tag="245" ind1="1" ind2="0">
            <subfield code="a">Bericht über die Finanzlage Frankreichs</subfield>
            <subfield code="b">erstattet dem Herrn Minister Finanzen und Wirtschaft in Ausführung seiner Entschliessung vom 30. September 1958</subfield>
            <subfield code="c">Jacques Rueff</subfield>
         </datafield>
         <datafield tag="264" ind1=" " ind2="1">
            <subfield code="a">Bonn</subfield>
            <subfield code="b">Stollfuss</subfield>
            <subfield code="c">1959</subfield>
         </datafield>
         <datafield tag="300" ind1=" " ind2=" ">
            <subfield code="a">91 S</subfield>
            <subfield code="c">8'</subfield>
         </datafield>
         <datafield tag="490" ind1="0" ind2=" ">
            <subfield code="a">Schriftenreihe des Instituts "Finanzen und Steuern"</subfield>
            <subfield code="v">H. 59, Bd. 1</subfield>
            <subfield code="i">59/1</subfield>
            <subfield code="w">(IDSBB)000660623</subfield>
            <subfield code="9">359289959</subfield>
         </datafield>
         <datafield tag="651" ind1=" " ind2="7">
            <subfield code="a">Frankreich</subfield>
            <subfield code="0">(DE-588)4018145-5</subfield>
            <subfield code="2">gnd</subfield>
         </datafield>
         <datafield tag="909" ind1=" " ind2="7">
            <subfield code="f">akswamedea</subfield>
            <subfield code="2">idsbb A</subfield>
         </datafield>
         <datafield tag="950" ind1=" " ind2=" ">
            <subfield code="B">IDSBB</subfield>
            <subfield code="P">100</subfield>
            <subfield code="E">1-</subfield>
            <subfield code="a">Rueff</subfield>
            <subfield code="D">Jacques</subfield>
         </datafield>
         <datafield tag="950" ind1=" " ind2=" ">
            <subfield code="B">IDSBB</subfield>
            <subfield code="P">490</subfield>
            <subfield code="E">0-</subfield>
            <subfield code="a">Schriftenreihe des Instituts "Finanzen und Steuern"</subfield>
            <subfield code="v">H. 59, Bd. 1</subfield>
            <subfield code="i">59/1</subfield>
            <subfield code="w">(IDSBB)000660623</subfield>
            <subfield code="9">359289959</subfield>
         </datafield>
         <datafield tag="950" ind1=" " ind2=" ">
            <subfield code="B">IDSSG</subfield>
            <subfield code="P">100</subfield>
            <subfield code="E">1-</subfield>
            <subfield code="a">Rueff</subfield>
            <subfield code="D">Jacques</subfield>
         </datafield>
         <datafield tag="950" ind1=" " ind2=" ">
            <subfield code="B">IDSSG</subfield>
            <subfield code="P">490</subfield>
            <subfield code="E">0-</subfield>
            <subfield code="a">Schriftenreihe des Instituts "Finanzen und Steuern"</subfield>
            <subfield code="v">H. 59, [Bd. 1]</subfield>
            <subfield code="i">59/1</subfield>
            <subfield code="w">(IDSSG)000014830</subfield>
            <subfield code="9">031236804</subfield>
         </datafield>
         <datafield tag="986" ind1=" " ind2=" ">
            <subfield code="a">SWISSBIB</subfield>
            <subfield code="b">156827913</subfield>
         </datafield>
         <datafield tag="898" ind1=" " ind2=" ">
            <subfield code="a">BK020000</subfield>
            <subfield code="b">XK020000</subfield>
            <subfield code="c">XK020000</subfield>
         </datafield>
         <datafield tag="949" ind1=" " ind2=" ">
            <subfield code="B">IDSBB</subfield>
            <subfield code="F">A125</subfield>
            <subfield code="c">125SW</subfield>
            <subfield code="j">SWA Fw A 11b F</subfield>
         </datafield>
         <datafield tag="949" ind1=" " ind2=" ">
            <subfield code="B">IDSSG</subfield>
            <subfield code="F">HSG</subfield>
            <subfield code="c">DEPOT</subfield>
            <subfield code="j">+Vwl P .893/59,1</subfield>
         </datafield>
      <datafield tag="949" ind1=" " ind2=" "><subfield code="B">IDSSG</subfield><subfield code="F">HIFF</subfield><subfield code="c">BIB</subfield><subfield code="j">-</subfield></datafield></record>