
<record xmlns:xs="http://www.w3.org/2001/XMLSchema">
         <leader>     caa a22     4  4500</leader>
         <controlfield tag="001">305191357</controlfield>
         <controlfield tag="003">CHVBK</controlfield>
         <controlfield tag="005">20180731161024.0</controlfield>
         <controlfield tag="008">131119s2013    ne            10    eng  </controlfield>
         <datafield tag="020" ind1=" " ind2=" ">
            <subfield code="a">978-90-12-39068-2</subfield>
         </datafield>
         <datafield tag="035" ind1=" " ind2=" ">
            <subfield code="a">(NEBIS)010002361</subfield>
         </datafield>
         <datafield tag="040" ind1=" " ind2=" ">
            <subfield code="a">SzZuIDS NEBIS UNI-RWI</subfield>
         </datafield>
         <datafield tag="245" ind1="0" ind2="0">
            <subfield code="a">Exchange of information and cross-border cooperation between tax authorities</subfield>
            <subfield code="b">subject 2</subfield>
            <subfield code="c">gen. reporter: Xavier Oberson</subfield>
         </datafield>
         <datafield tag="260" ind1=" " ind2=" ">
            <subfield code="a">The Hague</subfield>
            <subfield code="b">Sdu Uitgevers</subfield>
            <subfield code="c">2013</subfield>
         </datafield>
         <datafield tag="300" ind1=" " ind2=" ">
            <subfield code="a">843 S</subfield>
            <subfield code="b">Ill</subfield>
         </datafield>
         <datafield tag="500" ind1=" " ind2=" ">
            <subfield code="a">67th Congress of the International Fiscal Association, Copenhagen 2013</subfield>
         </datafield>
         <datafield tag="650" ind1=" " ind2="7">
            <subfield code="a">Internationales Steuerrecht</subfield>
            <subfield code="0">(DE-588)4027451-2</subfield>
            <subfield code="2">gnd</subfield>
         </datafield>
         <datafield tag="650" ind1=" " ind2="7">
            <subfield code="a">Finanzbehörde</subfield>
            <subfield code="0">(DE-588)4134211-2</subfield>
            <subfield code="2">gnd</subfield>
         </datafield>
         <datafield tag="650" ind1=" " ind2="7">
            <subfield code="a">Grenzüberschreitende Kooperation</subfield>
            <subfield code="0">(DE-588)4194363-6</subfield>
            <subfield code="2">gnd</subfield>
         </datafield>
         <datafield tag="650" ind1=" " ind2="7">
            <subfield code="a">Informationsaustausch</subfield>
            <subfield code="0">(DE-588)4131113-9</subfield>
            <subfield code="2">gnd</subfield>
         </datafield>
         <datafield tag="650" ind1=" " ind2="7">
            <subfield code="a">Rechtsvergleich</subfield>
            <subfield code="0">(DE-588)4115712-6</subfield>
            <subfield code="2">gnd</subfield>
         </datafield>
         <datafield tag="655" ind1=" " ind2="7">
            <subfield code="a">Kongress</subfield>
            <subfield code="z">Kopenhagen (2013)</subfield>
            <subfield code="2">gnd</subfield>
         </datafield>
         <datafield tag="700" ind1="1" ind2=" ">
            <subfield code="a">Oberson</subfield>
            <subfield code="D">Xavier</subfield>
         </datafield>
         <datafield tag="711" ind1="2" ind2=" ">
            <subfield code="a">International Fiscal Association</subfield>
            <subfield code="e">Congress</subfield>
            <subfield code="0">(DE-588)1092024336</subfield>
         </datafield>
         <datafield tag="773" ind1=" " ind2="A">
            <subfield code="t">Cahiers de droit fiscal international</subfield>
            <subfield code="g">vol. 98b (2013)</subfield>
            <subfield code="1">2013</subfield>
            <subfield code="2">98</subfield>
            <subfield code="w">(NEBIS)000985789</subfield>
            <subfield code="9">134143221</subfield>
         </datafield>
         <datafield tag="909" ind1=" " ind2="7">
            <subfield code="a">rwiana201311e</subfield>
            <subfield code="c">buche 131119</subfield>
            <subfield code="d">rwiswk201312b</subfield>
            <subfield code="e">meim</subfield>
            <subfield code="2">idszbz Z2</subfield>
         </datafield>
         <datafield tag="912" ind1=" " ind2="7">
            <subfield code="a">RWI-Sq</subfield>
            <subfield code="2">RWI-201311</subfield>
         </datafield>
         <datafield tag="913" ind1=" " ind2=" ">
            <subfield code="c">København</subfield>
            <subfield code="a">Kongress = Congrès</subfield>
            <subfield code="b">2013</subfield>
         </datafield>
         <datafield tag="950" ind1=" " ind2=" ">
            <subfield code="B">NEBIS</subfield>
            <subfield code="P">700</subfield>
            <subfield code="E">1-</subfield>
            <subfield code="a">Oberson</subfield>
            <subfield code="D">Xavier</subfield>
         </datafield>
         <datafield tag="950" ind1=" " ind2=" ">
            <subfield code="B">NEBIS</subfield>
            <subfield code="P">711</subfield>
            <subfield code="E">2-</subfield>
            <subfield code="a">International Fiscal Association</subfield>
            <subfield code="e">Congress</subfield>
            <subfield code="0">(DE-588)1092024336</subfield>
         </datafield>
         <datafield tag="950" ind1=" " ind2=" ">
            <subfield code="B">NEBIS</subfield>
            <subfield code="P">773</subfield>
            <subfield code="E">-A</subfield>
            <subfield code="t">Cahiers de droit fiscal international</subfield>
            <subfield code="g">vol. 98b (2013)</subfield>
            <subfield code="1">2013</subfield>
            <subfield code="2">98</subfield>
            <subfield code="w">(NEBIS)000985789</subfield>
            <subfield code="9">134143221</subfield>
         </datafield>
         <datafield tag="986" ind1=" " ind2=" ">
            <subfield code="a">SWISSBIB</subfield>
            <subfield code="b">298618443</subfield>
         </datafield>
         <datafield tag="898" ind1=" " ind2=" ">
            <subfield code="a">BK010800</subfield>
            <subfield code="b">XK010000</subfield>
            <subfield code="c">XK010000</subfield>
         </datafield>
      <datafield tag="949" ind1=" " ind2=" "><subfield code="B">IDSSG</subfield><subfield code="F">HIFF</subfield><subfield code="c">BIB</subfield><subfield code="j">LC 0301 098.2</subfield></datafield></record>