
<record xmlns:xs="http://www.w3.org/2001/XMLSchema">
         <leader>     cai a22        4500</leader>
         <controlfield tag="001">532113144</controlfield>
         <controlfield tag="003">CHVBK</controlfield>
         <controlfield tag="005">20181122212207.0</controlfield>
         <controlfield tag="007">td</controlfield>
         <controlfield tag="008">941031d19942000sz uu l  l    0   b2ger d</controlfield>
         <datafield tag="035" ind1=" " ind2=" ">
            <subfield code="a">(SNL)991001169599703976</subfield>
         </datafield>
         <datafield tag="035" ind1=" " ind2=" ">
            <subfield code="a">(Sz)26222-41snl_51</subfield>
         </datafield>
         <datafield tag="035" ind1=" " ind2=" ">
            <subfield code="a">(Sz)vtls000026222</subfield>
         </datafield>
         <datafield tag="035" ind1=" " ind2=" ">
            <subfield code="a">(Sz)000026222</subfield>
         </datafield>
         <datafield tag="040" ind1=" " ind2=" ">
            <subfield code="a">Sz</subfield>
            <subfield code="c">Sz</subfield>
         </datafield>
         <datafield tag="245" ind1="0" ind2="4">
            <subfield code="a">Die eidgenössische Mehrwertsteuer</subfield>
            <subfield code="b">Sammlung aller geltenden Gesetzestexte und amtlichen Verlautbarungen</subfield>
            <subfield code="c">hrsg. von Pestalozzi, Gmür &amp; Patry ; bearb. von Walter H. Boss</subfield>
         </datafield>
         <datafield tag="260" ind1=" " ind2=" ">
            <subfield code="a">Basel</subfield>
            <subfield code="b">Verlag für Recht und Gesellschaft</subfield>
            <subfield code="c">1994-2000</subfield>
         </datafield>
         <datafield tag="300" ind1=" " ind2=" ">
            <subfield code="a">4 Bd. (Losebl-Ausg.)</subfield>
            <subfield code="c">23 cm</subfield>
         </datafield>
         <datafield tag="336" ind1=" " ind2=" ">
            <subfield code="b">txt</subfield>
            <subfield code="2">rdacontent</subfield>
         </datafield>
         <datafield tag="337" ind1=" " ind2=" ">
            <subfield code="b">n</subfield>
            <subfield code="2">rdamedia</subfield>
         </datafield>
         <datafield tag="338" ind1=" " ind2=" ">
            <subfield code="b">nc</subfield>
            <subfield code="2">rdacarrier</subfield>
         </datafield>
         <datafield tag="500" ind1=" " ind2=" ">
            <subfield code="a">Untertitel auf Umschlag ab Bd. 2: Textausgaben und Praxis</subfield>
         </datafield>
         <datafield tag="691" ind1=" " ind2="7">
            <subfield code="a">351.713.2</subfield>
            <subfield code="2">snl local</subfield>
         </datafield>
         <datafield tag="691" ind1=" " ind2="7">
            <subfield code="a">351.713.0(1) I</subfield>
            <subfield code="2">snl local</subfield>
         </datafield>
         <datafield tag="691" ind1=" " ind2="7">
            <subfield code="a">340(094.3) B (024)</subfield>
            <subfield code="2">snl local</subfield>
         </datafield>
         <datafield tag="691" ind1=" " ind2="7">
            <subfield code="a">336.223</subfield>
            <subfield code="2">snl local</subfield>
         </datafield>
         <datafield tag="691" ind1=" " ind2="7">
            <subfield code="a">sb</subfield>
            <subfield code="b">1994/22</subfield>
            <subfield code="c">04</subfield>
            <subfield code="2">snl-sb</subfield>
         </datafield>
         <datafield tag="700" ind1="1" ind2=" ">
            <subfield code="a">Boss</subfield>
            <subfield code="D">Walter H.</subfield>
         </datafield>
         <datafield tag="710" ind1="2" ind2=" ">
            <subfield code="a">Pestalozzi, Gmür &amp; Patry (Zürich)</subfield>
         </datafield>
         <datafield tag="950" ind1=" " ind2=" ">
            <subfield code="B">SNL</subfield>
            <subfield code="P">700</subfield>
            <subfield code="E">1-</subfield>
            <subfield code="a">Boss</subfield>
            <subfield code="D">Walter H.</subfield>
         </datafield>
         <datafield tag="950" ind1=" " ind2=" ">
            <subfield code="B">SNL</subfield>
            <subfield code="P">710</subfield>
            <subfield code="E">2-</subfield>
            <subfield code="a">Pestalozzi, Gmür &amp; Patry (Zürich)</subfield>
         </datafield>
         <datafield tag="986" ind1=" " ind2=" ">
            <subfield code="a">SWISSBIB</subfield>
            <subfield code="b">35864237X</subfield>
         </datafield>
         <datafield tag="986" ind1=" " ind2=" ">
            <subfield code="a">ORANGE</subfield>
            <subfield code="b">35864237X</subfield>
         </datafield>
         <datafield tag="898" ind1=" " ind2=" ">
            <subfield code="a">CR020200</subfield>
            <subfield code="b">XR030000</subfield>
            <subfield code="c">XR030000</subfield>
         </datafield>
         <datafield tag="949" ind1=" " ind2=" ">
            <subfield code="B">SNL</subfield>
            <subfield code="F">NB001</subfield>
            <subfield code="j">LOS 87</subfield>
            <subfield code="s">LOS 87/1994-2000</subfield>
            <subfield code="c">NB10011</subfield>
            <subfield code="z">1994-2000</subfield>
         </datafield>
      <datafield tag="949" ind1=" " ind2=" "><subfield code="B">IDSSG</subfield><subfield code="F">HIFF</subfield><subfield code="c">BIB</subfield><subfield code="j">HA 105 3</subfield></datafield></record>