
<record xmlns:xs="http://www.w3.org/2001/XMLSchema">
         <leader>     cam a22     1  4500</leader>
         <controlfield tag="001">271553146</controlfield>
         <controlfield tag="003">CHVBK</controlfield>
         <controlfield tag="005">20181117042128.0</controlfield>
         <controlfield tag="008">130817s1973    sz       m    00    ger d</controlfield>
         <datafield tag="020" ind1=" " ind2=" ">
            <subfield code="c">Fr. 33.-.</subfield>
         </datafield>
         <datafield tag="035" ind1=" " ind2=" ">
            <subfield code="a">(SNL)991007574299703976</subfield>
         </datafield>
         <datafield tag="035" ind1=" " ind2=" ">
            <subfield code="a">(NEBIS)001910488</subfield>
         </datafield>
         <datafield tag="035" ind1=" " ind2=" ">
            <subfield code="a">(KBTG)20525</subfield>
         </datafield>
         <datafield tag="035" ind1=" " ind2=" ">
            <subfield code="a">(IDSBB)000850663</subfield>
         </datafield>
         <datafield tag="035" ind1=" " ind2=" ">
            <subfield code="a">(RERO)0304597</subfield>
         </datafield>
         <datafield tag="035" ind1=" " ind2=" ">
            <subfield code="a">(VAUD)991014082069702852</subfield>
         </datafield>
         <datafield tag="035" ind1=" " ind2=" ">
            <subfield code="a">(IDSSG)000099175</subfield>
         </datafield>
         <datafield tag="035" ind1=" " ind2=" ">
            <subfield code="a">(ABN)000288513</subfield>
         </datafield>
         <datafield tag="035" ind1=" " ind2=" ">
            <subfield code="a">(ALEX)991588394101791</subfield>
         </datafield>
         <datafield tag="035" ind1=" " ind2=" ">
            <subfield code="a">(LIBIB)000137999</subfield>
         </datafield>
         <datafield tag="035" ind1=" " ind2=" ">
            <subfield code="a">(SGBN)000140453</subfield>
         </datafield>
         <datafield tag="035" ind1=" " ind2=" ">
            <subfield code="a">(Sz)206429-41snl_51</subfield>
         </datafield>
         <datafield tag="035" ind1=" " ind2=" ">
            <subfield code="a">(Sz)vtls000206429</subfield>
         </datafield>
         <datafield tag="035" ind1=" " ind2=" ">
            <subfield code="a">(Sz)000206429</subfield>
         </datafield>
         <datafield tag="035" ind1=" " ind2=" ">
            <subfield code="a">(RNV)000280602-41bculausa_network</subfield>
         </datafield>
         <datafield tag="035" ind1=" " ind2=" ">
            <subfield code="a">(RERO)000280602</subfield>
         </datafield>
         <datafield tag="035" ind1=" " ind2=" ">
            <subfield code="a">0304597</subfield>
         </datafield>
         <datafield tag="035" ind1=" " ind2=" ">
            <subfield code="a">(EXLNZ-41BCULAUSA_NETWORK)991010415599702851</subfield>
         </datafield>
         <datafield tag="040" ind1=" " ind2=" ">
            <subfield code="a">Sz</subfield>
            <subfield code="c">SAZ</subfield>
         </datafield>
         <datafield tag="072" ind1=" " ind2="7">
            <subfield code="a">s1se</subfield>
            <subfield code="2">rero</subfield>
         </datafield>
         <datafield tag="084" ind1=" " ind2=" ">
            <subfield code="a">QT 360</subfield>
            <subfield code="2">rvk</subfield>
         </datafield>
         <datafield tag="100" ind1="1" ind2=" ">
            <subfield code="a">Egger</subfield>
            <subfield code="D">Bruno</subfield>
         </datafield>
         <datafield tag="245" ind1="1" ind2="4">
            <subfield code="a">Die steuerliche Erfassung von Wertzuwächsen an Grundstücken mit besonderer Berücksichtigung des Kantons Zürich</subfield>
         </datafield>
         <datafield tag="260" ind1=" " ind2=" ">
            <subfield code="a">Rüschlikon, (Alpenstr. 25)</subfield>
            <subfield code="b">im Eigenverlag</subfield>
            <subfield code="c">1973</subfield>
         </datafield>
         <datafield tag="300" ind1=" " ind2=" ">
            <subfield code="a">VIII, 133 S</subfield>
            <subfield code="c">23 cm</subfield>
         </datafield>
         <datafield tag="502" ind1=" " ind2=" ">
            <subfield code="a">Diss. Zürich</subfield>
         </datafield>
         <datafield tag="504" ind1=" " ind2=" ">
            <subfield code="a">Literaturverz</subfield>
         </datafield>
         <datafield tag="583" ind1=" " ind2=" ">
            <subfield code="8">1900155020</subfield>
            <subfield code="a">dea</subfield>
            <subfield code="i">ps</subfield>
            <subfield code="c">NB018-2000</subfield>
            <subfield code="l">nt</subfield>
         </datafield>
         <datafield tag="583" ind1=" " ind2=" ">
            <subfield code="8">1900155021</subfield>
            <subfield code="a">dea</subfield>
            <subfield code="i">ps</subfield>
            <subfield code="c">NB004-2003</subfield>
            <subfield code="l">nt</subfield>
         </datafield>
         <datafield tag="610" ind1="2" ind2="7">
            <subfield code="a">Kanton Zürich</subfield>
            <subfield code="0">(DE-588)4068041-1</subfield>
            <subfield code="2">gnd</subfield>
         </datafield>
         <datafield tag="650" ind1=" " ind2="7">
            <subfield code="a">Grundstück</subfield>
            <subfield code="2">idszbz</subfield>
         </datafield>
         <datafield tag="650" ind1=" " ind2="7">
            <subfield code="a">Steuerrecht</subfield>
            <subfield code="2">idszbz</subfield>
         </datafield>
         <datafield tag="650" ind1=" " ind2="7">
            <subfield code="a">Wertzuwachs</subfield>
            <subfield code="2">idszbz</subfield>
         </datafield>
         <datafield tag="650" ind1=" " ind2="7">
            <subfield code="a">Bodenwertzuwachssteuer</subfield>
            <subfield code="0">(DE-588)4146178-2</subfield>
            <subfield code="2">gnd</subfield>
         </datafield>
         <datafield tag="650" ind1=" " ind2="7">
            <subfield code="a">immeuble (propriété foncière)</subfield>
            <subfield code="2">rerovoc</subfield>
         </datafield>
         <datafield tag="650" ind1=" " ind2="7">
            <subfield code="a">Valeur locative</subfield>
            <subfield code="2">rero</subfield>
         </datafield>
         <datafield tag="650" ind1=" " ind2="7">
            <subfield code="a">Droit fiscal</subfield>
            <subfield code="2">rero</subfield>
         </datafield>
         <datafield tag="650" ind1=" " ind2="7">
            <subfield code="a">immeuble (propriété foncière)</subfield>
            <subfield code="x">valeur locative</subfield>
            <subfield code="x">* droit fiscal</subfield>
            <subfield code="z">Suisse</subfield>
            <subfield code="2">chrero</subfield>
         </datafield>
         <datafield tag="650" ind1=" " ind2="7">
            <subfield code="a">immeuble (propriété foncière)</subfield>
            <subfield code="x">valeur locative</subfield>
            <subfield code="x">* droit fiscal</subfield>
            <subfield code="z">Zurich (Suisse, canton)</subfield>
            <subfield code="2">chrero</subfield>
         </datafield>
         <datafield tag="651" ind1=" " ind2="7">
            <subfield code="a">Schweiz</subfield>
            <subfield code="2">idszbz</subfield>
         </datafield>
         <datafield tag="651" ind1=" " ind2="7">
            <subfield code="a">Zürich (Kanton)</subfield>
            <subfield code="2">idszbz</subfield>
         </datafield>
         <datafield tag="651" ind1=" " ind2="7">
            <subfield code="a">Kanton Zürich</subfield>
            <subfield code="0">(DE-588)4068041-1</subfield>
            <subfield code="2">gnd</subfield>
         </datafield>
         <datafield tag="651" ind1=" " ind2="7">
            <subfield code="a">Suisse</subfield>
            <subfield code="2">rero</subfield>
         </datafield>
         <datafield tag="651" ind1=" " ind2="7">
            <subfield code="a">Zurich (Suisse, canton)</subfield>
            <subfield code="2">rero</subfield>
         </datafield>
         <datafield tag="655" ind1=" " ind2="7">
            <subfield code="a">Hochschulschrift</subfield>
            <subfield code="2">gnd-content</subfield>
         </datafield>
         <datafield tag="690" ind1=" " ind2="7">
            <subfield code="B">u</subfield>
            <subfield code="a">Steuern-Schweiz</subfield>
            <subfield code="2">nebis ER</subfield>
         </datafield>
         <datafield tag="690" ind1=" " ind2="7">
            <subfield code="B">u</subfield>
            <subfield code="a">H 2</subfield>
            <subfield code="d">Taxation, subsidies, and revenue = Steuern, Subventionen und Staatseinnahmen</subfield>
            <subfield code="2">idsuzh VJ</subfield>
         </datafield>
         <datafield tag="690" ind1=" " ind2="7">
            <subfield code="B">u</subfield>
            <subfield code="a">P 0</subfield>
            <subfield code="d">ECONOMIC SYSTEMS = ÖKONOMISCHE SYSTEME. General = allgemein</subfield>
            <subfield code="2">idsuzh VJ</subfield>
         </datafield>
         <datafield tag="690" ind1=" " ind2="7">
            <subfield code="B">u</subfield>
            <subfield code="a">Boden</subfield>
            <subfield code="2">idsuzh UH</subfield>
         </datafield>
         <datafield tag="690" ind1=" " ind2="7">
            <subfield code="B">u</subfield>
            <subfield code="a">Wert</subfield>
            <subfield code="2">idsuzh UH</subfield>
         </datafield>
         <datafield tag="690" ind1=" " ind2="7">
            <subfield code="B">u</subfield>
            <subfield code="a">Schweiz</subfield>
            <subfield code="2">idsuzh UH</subfield>
         </datafield>
         <datafield tag="690" ind1=" " ind2="7">
            <subfield code="B">u</subfield>
            <subfield code="a">Wirtschaftsgeschichte</subfield>
            <subfield code="2">idsuzh UH</subfield>
         </datafield>
         <datafield tag="690" ind1=" " ind2="7">
            <subfield code="B">u</subfield>
            <subfield code="a">Finanzpolitik</subfield>
            <subfield code="2">idsuzh UH</subfield>
         </datafield>
         <datafield tag="690" ind1=" " ind2="7">
            <subfield code="B">u</subfield>
            <subfield code="a">Jus Steuerrecht : 4) c) Spezialsteuern auf den Vermögensgewinn : Allgemeines (besonders Grundstücksgewinn, Kapitalgewinn, Beteiligungsgewinn)</subfield>
            <subfield code="2">idssg H9</subfield>
         </datafield>
         <datafield tag="690" ind1=" " ind2="7">
            <subfield code="B">u</subfield>
            <subfield code="u">PO</subfield>
            <subfield code="a">Einkommen- und Vermögensteuern, Ertrag- und Kapitalsteuern : Vermögens- und Grundstückgewinnsteuern</subfield>
            <subfield code="2">idssg HD</subfield>
         </datafield>
         <datafield tag="690" ind1=" " ind2="7">
            <subfield code="B">s</subfield>
            <subfield code="a">Steuerrecht</subfield>
            <subfield code="2">alex helvetosaurus</subfield>
         </datafield>
         <datafield tag="690" ind1=" " ind2="7">
            <subfield code="B">s</subfield>
            <subfield code="a">Steuer</subfield>
            <subfield code="2">alex helvetosaurus</subfield>
         </datafield>
         <datafield tag="690" ind1=" " ind2="7">
            <subfield code="B">s</subfield>
            <subfield code="a">Grundstückgewinnsteuer</subfield>
            <subfield code="2">alex helvetosaurus</subfield>
         </datafield>
         <datafield tag="690" ind1=" " ind2="7">
            <subfield code="B">s</subfield>
            <subfield code="a">Wertzuwachssteuer</subfield>
            <subfield code="2">alex helvetosaurus</subfield>
         </datafield>
         <datafield tag="690" ind1=" " ind2="7">
            <subfield code="B">g</subfield>
            <subfield code="a">Zürich (Kanton)</subfield>
            <subfield code="2">alex helvetosaurus</subfield>
         </datafield>
         <datafield tag="690" ind1=" " ind2="7">
            <subfield code="B">g</subfield>
            <subfield code="a">Schweiz</subfield>
            <subfield code="2">alex helvetosaurus</subfield>
         </datafield>
         <datafield tag="690" ind1=" " ind2="7">
            <subfield code="B">s</subfield>
            <subfield code="a">Grundeigentum</subfield>
            <subfield code="x">Steuern</subfield>
            <subfield code="2">sgbn S</subfield>
         </datafield>
         <datafield tag="691" ind1=" " ind2="7">
            <subfield code="B">u</subfield>
            <subfield code="u">WH 6.4.2</subfield>
            <subfield code="2">idsbb GD</subfield>
         </datafield>
         <datafield tag="691" ind1=" " ind2="7">
            <subfield code="B">u</subfield>
            <subfield code="u">WH 10.4</subfield>
            <subfield code="2">idsbb GD</subfield>
         </datafield>
         <datafield tag="691" ind1=" " ind2="7">
            <subfield code="2">rero dr-sys</subfield>
            <subfield code="u">CA/CH 54 h</subfield>
         </datafield>
         <datafield tag="691" ind1=" " ind2="7">
            <subfield code="2">rero dr-sys</subfield>
            <subfield code="u">CA/CH-ZH 54 h</subfield>
         </datafield>
         <datafield tag="691" ind1=" " ind2="7">
            <subfield code="2">vaud dr-sys</subfield>
            <subfield code="u">CA/CH 54 h</subfield>
         </datafield>
         <datafield tag="691" ind1=" " ind2="7">
            <subfield code="2">vaud dr-sys</subfield>
            <subfield code="u">CA/CH-ZH 54 h</subfield>
         </datafield>
         <datafield tag="691" ind1=" " ind2="7">
            <subfield code="B">u</subfield>
            <subfield code="u">(494)</subfield>
            <subfield code="a">Schweiz</subfield>
            <subfield code="2">libib XD</subfield>
         </datafield>
         <datafield tag="691" ind1=" " ind2="7">
            <subfield code="B">u</subfield>
            <subfield code="u">347.23</subfield>
            <subfield code="a">Eigentumsrecht. Vermögensrecht</subfield>
            <subfield code="c">Sachenrecht</subfield>
            <subfield code="2">libib XD</subfield>
         </datafield>
         <datafield tag="691" ind1=" " ind2="7">
            <subfield code="B">u</subfield>
            <subfield code="u">349.12</subfield>
            <subfield code="a">Steuerrecht. Fiskalrecht</subfield>
            <subfield code="2">libib XD</subfield>
         </datafield>
         <datafield tag="908" ind1=" " ind2=" ">
            <subfield code="D">1</subfield>
            <subfield code="a">Hochschulschrift = Thèse/Mémoire</subfield>
         </datafield>
         <datafield tag="909" ind1=" " ind2="7">
            <subfield code="a">UNI-ZH</subfield>
            <subfield code="2">nebis E2</subfield>
         </datafield>
         <datafield tag="909" ind1=" " ind2="7">
            <subfield code="a">ZH</subfield>
            <subfield code="2">idszbz Z1</subfield>
         </datafield>
         <datafield tag="909" ind1=" " ind2="7">
            <subfield code="a">zbzdis201011rl</subfield>
            <subfield code="c">alli</subfield>
            <subfield code="2">idszbz Z2</subfield>
         </datafield>
         <datafield tag="909" ind1=" " ind2="7">
            <subfield code="a">rwimon201111l</subfield>
            <subfield code="c">biss</subfield>
            <subfield code="2">idszbz Z2</subfield>
         </datafield>
         <datafield tag="909" ind1=" " ind2="7">
            <subfield code="a">Dissertation</subfield>
            <subfield code="b">Rechts- und staatswissenschaftliche Fakultät der Universität Zürich</subfield>
            <subfield code="2">idsuzh U</subfield>
         </datafield>
         <datafield tag="912" ind1=" " ind2="7">
            <subfield code="a">rf</subfield>
            <subfield code="2">SzZuIDS BS/BE</subfield>
         </datafield>
         <datafield tag="912" ind1=" " ind2="7">
            <subfield code="a">SG3</subfield>
            <subfield code="2">CH-AaABN</subfield>
         </datafield>
         <datafield tag="912" ind1=" " ind2="7">
            <subfield code="a">rs</subfield>
            <subfield code="2">FL</subfield>
         </datafield>
         <datafield tag="912" ind1=" " ind2="7">
            <subfield code="a">ww</subfield>
            <subfield code="2">FL</subfield>
         </datafield>
         <datafield tag="912" ind1=" " ind2="7">
            <subfield code="a">rs</subfield>
            <subfield code="2">SGBN</subfield>
         </datafield>
         <datafield tag="950" ind1=" " ind2=" ">
            <subfield code="B">SNL</subfield>
            <subfield code="P">100</subfield>
            <subfield code="E">1-</subfield>
            <subfield code="a">Egger</subfield>
            <subfield code="D">Bruno</subfield>
         </datafield>
         <datafield tag="950" ind1=" " ind2=" ">
            <subfield code="B">NEBIS</subfield>
            <subfield code="P">100</subfield>
            <subfield code="E">1-</subfield>
            <subfield code="a">Egger</subfield>
            <subfield code="D">Bruno</subfield>
         </datafield>
         <datafield tag="950" ind1=" " ind2=" ">
            <subfield code="B">NEBIS</subfield>
            <subfield code="P">700</subfield>
            <subfield code="E">1-</subfield>
            <subfield code="a">Bickel</subfield>
            <subfield code="D">Wilhelm</subfield>
            <subfield code="d">1903-1977</subfield>
            <subfield code="0">(DE-588)131972758</subfield>
            <subfield code="4">ths</subfield>
         </datafield>
         <datafield tag="950" ind1=" " ind2=" ">
            <subfield code="B">KBTG</subfield>
            <subfield code="P">100</subfield>
            <subfield code="E">1-</subfield>
            <subfield code="a">Egger</subfield>
            <subfield code="D">Bruno</subfield>
            <subfield code="0">(CH-000086-2)M189256</subfield>
         </datafield>
         <datafield tag="950" ind1=" " ind2=" ">
            <subfield code="B">IDSBB</subfield>
            <subfield code="P">100</subfield>
            <subfield code="E">1-</subfield>
            <subfield code="a">Egger</subfield>
            <subfield code="D">Bruno</subfield>
         </datafield>
         <datafield tag="950" ind1=" " ind2=" ">
            <subfield code="B">RERO</subfield>
            <subfield code="P">100</subfield>
            <subfield code="E">1-</subfield>
            <subfield code="a">Egger</subfield>
            <subfield code="D">Bruno</subfield>
         </datafield>
         <datafield tag="950" ind1=" " ind2=" ">
            <subfield code="B">VAUD</subfield>
            <subfield code="P">100</subfield>
            <subfield code="E">1-</subfield>
            <subfield code="a">Egger</subfield>
            <subfield code="D">Bruno</subfield>
         </datafield>
         <datafield tag="950" ind1=" " ind2=" ">
            <subfield code="B">IDSSG</subfield>
            <subfield code="P">100</subfield>
            <subfield code="E">1-</subfield>
            <subfield code="a">Egger</subfield>
            <subfield code="D">Bruno</subfield>
         </datafield>
         <datafield tag="950" ind1=" " ind2=" ">
            <subfield code="B">ABN</subfield>
            <subfield code="P">100</subfield>
            <subfield code="E">1-</subfield>
            <subfield code="a">Egger</subfield>
            <subfield code="D">Bruno</subfield>
         </datafield>
         <datafield tag="950" ind1=" " ind2=" ">
            <subfield code="B">ALEX</subfield>
            <subfield code="P">100</subfield>
            <subfield code="E">1-</subfield>
            <subfield code="a">Egger</subfield>
            <subfield code="D">Bruno</subfield>
         </datafield>
         <datafield tag="950" ind1=" " ind2=" ">
            <subfield code="B">LIBIB</subfield>
            <subfield code="P">100</subfield>
            <subfield code="E">1-</subfield>
            <subfield code="a">Egger</subfield>
            <subfield code="D">Bruno</subfield>
         </datafield>
         <datafield tag="950" ind1=" " ind2=" ">
            <subfield code="B">SGBN</subfield>
            <subfield code="P">100</subfield>
            <subfield code="E">1-</subfield>
            <subfield code="a">Egger</subfield>
            <subfield code="D">Bruno</subfield>
         </datafield>
         <datafield tag="898" ind1=" " ind2=" ">
            <subfield code="a">BK020300</subfield>
            <subfield code="b">XK020000</subfield>
            <subfield code="c">XK020000</subfield>
         </datafield>
         <datafield tag="898" ind1=" " ind2=" ">
            <subfield code="a">BK020000</subfield>
            <subfield code="b">XK020000</subfield>
            <subfield code="c">XK020000</subfield>
         </datafield>
         <datafield tag="949" ind1=" " ind2=" ">
            <subfield code="B">SNL</subfield>
            <subfield code="F">NB001</subfield>
            <subfield code="j">H 7092 (Diss. Wirtschaftswiss. Zürich)</subfield>
            <subfield code="c">NB10010</subfield>
         </datafield>
         <datafield tag="949" ind1=" " ind2=" ">
            <subfield code="B">SNL</subfield>
            <subfield code="F">NB001</subfield>
            <subfield code="j">H 7092 (Diss. Wirtschaftswiss. Zürich)</subfield>
            <subfield code="s">N 129752</subfield>
            <subfield code="c">NB10010</subfield>
         </datafield>
         <datafield tag="949" ind1=" " ind2=" ">
            <subfield code="B">NEBIS</subfield>
            <subfield code="F">E06</subfield>
            <subfield code="c">E06AZ</subfield>
            <subfield code="j">C 10595</subfield>
         </datafield>
         <datafield tag="949" ind1=" " ind2=" ">
            <subfield code="B">NEBIS</subfield>
            <subfield code="F">E19</subfield>
            <subfield code="j">47916</subfield>
         </datafield>
         <datafield tag="949" ind1=" " ind2=" ">
            <subfield code="B">NEBIS</subfield>
            <subfield code="F">E19</subfield>
            <subfield code="j">50500</subfield>
         </datafield>
         <datafield tag="949" ind1=" " ind2=" ">
            <subfield code="B">NEBIS</subfield>
            <subfield code="F">E95</subfield>
            <subfield code="j">EH-00039-BR</subfield>
         </datafield>
         <datafield tag="949" ind1=" " ind2=" ">
            <subfield code="B">NEBIS</subfield>
            <subfield code="F">UECON</subfield>
            <subfield code="c">ULMZN</subfield>
            <subfield code="j">SOS F 0667</subfield>
         </datafield>
         <datafield tag="949" ind1=" " ind2=" ">
            <subfield code="B">NEBIS</subfield>
            <subfield code="F">UEZEN</subfield>
            <subfield code="j">Pc III 11</subfield>
         </datafield>
         <datafield tag="949" ind1=" " ind2=" ">
            <subfield code="B">NEBIS</subfield>
            <subfield code="F">USTAZ</subfield>
            <subfield code="j">III Fh 3/2 (9)</subfield>
            <subfield code="z">In Schachtel</subfield>
         </datafield>
         <datafield tag="949" ind1=" " ind2=" ">
            <subfield code="B">NEBIS</subfield>
            <subfield code="F">Z01</subfield>
            <subfield code="c">04</subfield>
            <subfield code="j">FU 3094</subfield>
         </datafield>
         <datafield tag="949" ind1=" " ind2=" ">
            <subfield code="B">NEBIS</subfield>
            <subfield code="F">Z01</subfield>
            <subfield code="c">05</subfield>
            <subfield code="j">UnS 1973: 1271</subfield>
         </datafield>
         <datafield tag="949" ind1=" " ind2=" ">
            <subfield code="B">NEBIS</subfield>
            <subfield code="F">Z01</subfield>
            <subfield code="c">ADH</subfield>
            <subfield code="j">DAR DB 4383</subfield>
         </datafield>
         <datafield tag="949" ind1=" " ind2=" ">
            <subfield code="B">NEBIS</subfield>
            <subfield code="F">Z16</subfield>
            <subfield code="j">Te 2155</subfield>
         </datafield>
         <datafield tag="949" ind1=" " ind2=" ">
            <subfield code="B">RERO</subfield>
            <subfield code="F">RE01001</subfield>
            <subfield code="c">RE010010001</subfield>
            <subfield code="j">UA 73.142</subfield>
            <subfield code="z">$9 r/99/0038</subfield>
         </datafield>
         <datafield tag="949" ind1=" " ind2=" ">
            <subfield code="B">RERO</subfield>
            <subfield code="F">RE11001</subfield>
            <subfield code="c">RE110010037</subfield>
            <subfield code="j">BCV PA 18085</subfield>
         </datafield>
         <datafield tag="949" ind1=" " ind2=" ">
            <subfield code="B">RERO</subfield>
            <subfield code="F">RE11004</subfield>
            <subfield code="c">RE110040002</subfield>
            <subfield code="j">CA/CH 54 h EGGE 1973</subfield>
            <subfield code="s">TCVS 3704</subfield>
         </datafield>
         <datafield tag="949" ind1=" " ind2=" ">
            <subfield code="B">RERO</subfield>
            <subfield code="F">RE31013</subfield>
            <subfield code="c">RE310130007</subfield>
            <subfield code="j">CA/CH 54 h EGGE 1973</subfield>
            <subfield code="s">NEDM 21627</subfield>
         </datafield>
         <datafield tag="949" ind1=" " ind2=" ">
            <subfield code="B">RERO</subfield>
            <subfield code="F">RE61001</subfield>
            <subfield code="c">RE610010021</subfield>
            <subfield code="j">BGE Q 80 Z 1973</subfield>
         </datafield>
         <datafield tag="949" ind1=" " ind2=" ">
            <subfield code="B">RERO</subfield>
            <subfield code="F">RE61050</subfield>
            <subfield code="c">RE610500004</subfield>
            <subfield code="j">CA/CH 54 h EGGE 1973</subfield>
            <subfield code="s">BFDA 25464</subfield>
         </datafield>
         <datafield tag="949" ind1=" " ind2=" ">
            <subfield code="B">RERO</subfield>
            <subfield code="F">RE71060</subfield>
            <subfield code="c">RE710600011</subfield>
            <subfield code="j">CA/CH 54 h EGGE 1973</subfield>
         </datafield>
         <datafield tag="949" ind1=" " ind2=" ">
            <subfield code="B">IDSBB</subfield>
            <subfield code="F">A100</subfield>
            <subfield code="c">MAG</subfield>
            <subfield code="j">UBH Pb 15460</subfield>
            <subfield code="x">g/98/iaw-isw</subfield>
         </datafield>
         <datafield tag="949" ind1=" " ind2=" ">
            <subfield code="B">IDSBB</subfield>
            <subfield code="F">A208</subfield>
            <subfield code="c">LS</subfield>
            <subfield code="j">JF N V 351</subfield>
            <subfield code="x">Akz: ba/iirw/u</subfield>
         </datafield>
         <datafield tag="949" ind1=" " ind2=" ">
            <subfield code="B">IDSBB</subfield>
            <subfield code="F">B400</subfield>
            <subfield code="c">400F3</subfield>
            <subfield code="j">BeM ZB Jus var 33585</subfield>
            <subfield code="x">Akz: be/stub/u</subfield>
         </datafield>
         <datafield tag="949" ind1=" " ind2=" ">
            <subfield code="B">IDSBB</subfield>
            <subfield code="F">B464</subfield>
            <subfield code="c">464AR</subfield>
            <subfield code="j">IST B. 50. 6</subfield>
         </datafield>
         <datafield tag="949" ind1=" " ind2=" ">
            <subfield code="B">IDSBB</subfield>
            <subfield code="F">B465</subfield>
            <subfield code="c">FH</subfield>
            <subfield code="j">JBB Diss. ZH 1973</subfield>
            <subfield code="x">Akz: be/ujb-/u</subfield>
         </datafield>
         <datafield tag="949" ind1=" " ind2=" ">
            <subfield code="B">IDSBB</subfield>
            <subfield code="F">B589</subfield>
            <subfield code="c">589AR</subfield>
            <subfield code="j">VW G.VI.c 13</subfield>
            <subfield code="x">MEDEAB5890908 / 1560498</subfield>
         </datafield>
         <datafield tag="949" ind1=" " ind2=" ">
            <subfield code="B">IDSBB</subfield>
            <subfield code="F">A150</subfield>
            <subfield code="c">MAG</subfield>
            <subfield code="j">ZBS NA 4531</subfield>
         </datafield>
         <datafield tag="949" ind1=" " ind2=" ">
            <subfield code="B">IDSSG</subfield>
            <subfield code="F">HSG</subfield>
            <subfield code="c">BURON</subfield>
            <subfield code="j">+Jus RV .783</subfield>
         </datafield>
         <datafield tag="949" ind1=" " ind2=" ">
            <subfield code="B">IDSSG</subfield>
            <subfield code="F">HIFF</subfield>
            <subfield code="c">BIB</subfield>
            <subfield code="j">PO 208</subfield>
         </datafield>
         <datafield tag="949" ind1=" " ind2=" ">
            <subfield code="B">VAUD</subfield>
            <subfield code="F">bcue</subfield>
            <subfield code="j">ZAT 3538</subfield>
            <subfield code="c">810030005</subfield>
         </datafield>
         <datafield tag="949" ind1=" " ind2=" ">
            <subfield code="B">VAUD</subfield>
            <subfield code="F">bcudabc</subfield>
            <subfield code="j">TA 46892</subfield>
            <subfield code="c">810050001</subfield>
         </datafield>
         <datafield tag="949" ind1=" " ind2=" ">
            <subfield code="B">KBTG</subfield>
            <subfield code="F">KBS</subfield>
            <subfield code="j">BA 5953</subfield>
         </datafield>
         <datafield tag="949" ind1=" " ind2=" ">
            <subfield code="B">SGBN</subfield>
            <subfield code="F">SGKBV</subfield>
            <subfield code="c">KM</subfield>
            <subfield code="j">E 11058</subfield>
         </datafield>
         <datafield tag="949" ind1=" " ind2=" ">
            <subfield code="B">ABN</subfield>
            <subfield code="F">AKB</subfield>
            <subfield code="c">AKBMA</subfield>
            <subfield code="j">AKB Diss 7358</subfield>
         </datafield>
         <datafield tag="949" ind1=" " ind2=" ">
            <subfield code="B">ABN</subfield>
            <subfield code="F">BVU</subfield>
            <subfield code="c">BVRA</subfield>
            <subfield code="j">BVU 10.130</subfield>
         </datafield>
         <datafield tag="949" ind1=" " ind2=" ">
            <subfield code="B">ABN</subfield>
            <subfield code="F">OGB</subfield>
            <subfield code="c">OGMAG</subfield>
            <subfield code="j">OGB E 777</subfield>
         </datafield>
         <datafield tag="949" ind1=" " ind2=" ">
            <subfield code="B">ABN</subfield>
            <subfield code="F">SVWGB</subfield>
            <subfield code="c">3ST</subfield>
            <subfield code="j">SVWGB 3-GGST 5</subfield>
         </datafield>
         <datafield tag="949" ind1=" " ind2=" ">
            <subfield code="B">ALEX</subfield>
            <subfield code="F">BIG</subfield>
            <subfield code="j">BIG ESTV AM 528.12</subfield>
            <subfield code="c">Magazin1</subfield>
         </datafield>
         <datafield tag="949" ind1=" " ind2=" ">
            <subfield code="B">LIBIB</subfield>
            <subfield code="F">FLSTV</subfield>
            <subfield code="c">STVBI</subfield>
            <subfield code="j">9.2.3 // 304</subfield>
            <subfield code="s">STVB 304</subfield>
         </datafield>
      <datafield tag="949" ind1=" " ind2=" "><subfield code="B">IDSSG</subfield><subfield code="F">HIFF</subfield><subfield code="c">BIB</subfield><subfield code="j">PO 208</subfield></datafield></record>