
<record xmlns:xs="http://www.w3.org/2001/XMLSchema">
         <leader>     cas a22     u  4500</leader>
         <controlfield tag="001">522986706</controlfield>
         <controlfield tag="003">CHVBK</controlfield>
         <controlfield tag="005">20181031051920.0</controlfield>
         <controlfield tag="008">890404c18769999sz    p       0    0ger  </controlfield>
         <datafield tag="019" ind1=" " ind2=" ">
            <subfield code="a">Katalogisierung in Anlehnung an DSV</subfield>
            <subfield code="5">sa</subfield>
         </datafield>
         <datafield tag="022" ind1=" " ind2=" ">
            <subfield code="a">0172-3391</subfield>
         </datafield>
         <datafield tag="022" ind1=" " ind2=" ">
            <subfield code="a">1664-932X</subfield>
         </datafield>
         <datafield tag="035" ind1=" " ind2=" ">
            <subfield code="a">(OCoLC)1013460192</subfield>
         </datafield>
         <datafield tag="035" ind1=" " ind2=" ">
            <subfield code="a">(IDSSG)000016806</subfield>
         </datafield>
         <datafield tag="040" ind1=" " ind2=" ">
            <subfield code="a">SzZuIDS HSG</subfield>
            <subfield code="b">ger</subfield>
            <subfield code="e">kids</subfield>
         </datafield>
         <datafield tag="041" ind1="0" ind2=" ">
            <subfield code="a">ger</subfield>
            <subfield code="a">fre</subfield>
            <subfield code="a">ita</subfield>
         </datafield>
         <datafield tag="245" ind1="0" ind2="0">
            <subfield code="a">Entscheidungen des Schweizerischen Bundesgerichts</subfield>
            <subfield code="b">amtliche Sammlung</subfield>
         </datafield>
         <datafield tag="246" ind1="1" ind2=" ">
            <subfield code="i">Zeitlich vorangehender Titel (dt.):</subfield>
            <subfield code="a">Entscheidungen des Schweizerischen Bundesgerichts (einschliesslich Entscheidungen des Eidgenössischen Versicherungsgerichts) veröffentlicht im Jahre ...</subfield>
            <subfield code="b">amtliche Sammlung</subfield>
         </datafield>
         <datafield tag="246" ind1="1" ind2="1">
            <subfield code="a">Arrêts du Tribunal Fédéral Suisse</subfield>
            <subfield code="b">recueil officiel</subfield>
         </datafield>
         <datafield tag="246" ind1="1" ind2="1">
            <subfield code="a">Decisioni del Tribunale federale svizzero</subfield>
            <subfield code="b">raccolta ufficiale</subfield>
         </datafield>
         <datafield tag="246" ind1="1" ind2="3">
            <subfield code="a">Amtliche Sammlung der Entscheidungen des Bundesgerichts</subfield>
         </datafield>
         <datafield tag="246" ind1="1" ind2="3">
            <subfield code="a">BGE</subfield>
         </datafield>
         <datafield tag="246" ind1="1" ind2="3">
            <subfield code="a">ATF</subfield>
         </datafield>
         <datafield tag="246" ind1="1" ind2="3">
            <subfield code="a">ATFA</subfield>
         </datafield>
         <datafield tag="246" ind1="1" ind2="3">
            <subfield code="a">DTF</subfield>
         </datafield>
         <datafield tag="246" ind1="1" ind2="3">
            <subfield code="a">EVGE</subfield>
         </datafield>
         <datafield tag="264" ind1=" " ind2="1">
            <subfield code="a">[Wechselnde Erscheinungsorte]</subfield>
            <subfield code="b">[Wechselnde Verlage]</subfield>
            <subfield code="c">1876-</subfield>
         </datafield>
         <datafield tag="310" ind1=" " ind2=" ">
            <subfield code="a">Erscheint 20-30x, dann 40-50x/Jahr</subfield>
         </datafield>
         <datafield tag="336" ind1=" " ind2=" ">
            <subfield code="a">Text</subfield>
            <subfield code="b">txt</subfield>
            <subfield code="2">rdacontent/ger</subfield>
         </datafield>
         <datafield tag="337" ind1=" " ind2=" ">
            <subfield code="a">ohne Hilfsmittel zu benutzen</subfield>
            <subfield code="b">n</subfield>
            <subfield code="2">rdamedia/ger</subfield>
         </datafield>
         <datafield tag="338" ind1=" " ind2=" ">
            <subfield code="a">Band</subfield>
            <subfield code="b">nc</subfield>
            <subfield code="2">rdacarrier/ger</subfield>
         </datafield>
         <datafield tag="362" ind1="0" ind2=" ">
            <subfield code="a">Bd. 1(1875)- / Unregelmässig.</subfield>
         </datafield>
         <datafield tag="500" ind1=" " ind2=" ">
            <subfield code="a">Titel änderten leicht; ital. Paralleltitel erst ab Band 118 (1992). - Rücken- und Zitiertitel: BGE (dt.); ATF (frz.); DTF (ital.). - Wechselnde Verlagsangaben. - Einverleibt 1970: Entscheidungen des Eidgenössischen Versicherungsgerichts</subfield>
         </datafield>
         <datafield tag="500" ind1=" " ind2=" ">
            <subfield code="a">Impressum bis vol. 135 (2009): Lausanne : Edipresse Imprimeries Réunies Lausanne S.A. Ursprünglicher Verlag: Imprimerie Forster Goodman. - Mit kumulierendem jährlichem Sachregister und zehnjährlich kumulierten Generalregistern</subfield>
         </datafield>
         <datafield tag="500" ind1=" " ind2=" ">
            <subfield code="a">Wechselnde inhaltliche Aufteilung der Sammlung: Band 40 (1914) - 67 (1941) aufgeteilt in Teil 1-3; Band 68 (1942) - 97 (1971) aufgeteilt in Teil 1-4 und Teil 5 (ab 96, 1970); Band 98 (1972) - 120 (1994) aufgeteilt in Teil 1 a-b &amp; 2-5; ab Band 121 (1995) aufgeteilt in Teil 1-5.</subfield>
         </datafield>
         <datafield tag="500" ind1=" " ind2=" ">
            <subfield code="a">Bezeichnungen der Teile (dt. und frz.): Band 40 (1914) - 67 (1941): Teil 1, Staatsrecht: Strafrecht - Auslieferungsrecht - Expropriationsrecht, Droit public: droit pénal - extradition - expropriation. - Band 40 (1914) - 67 (1941): Teil 2, Zivilrecht, Droit civil. - Band 40 (1914) - 67 (1941): Teil 3, Schuldbetreibungs- und Konkursrecht, Poursuites et faillites. - Band 68 (1942) - 97 (1971): Teil 1, Staats- und Verwaltungsrecht, Droit public et droit administratif. - Band 68 (1942) - 97 (1971): Teil 2, Zivilrecht, Droit civil. - Band 68 (1942) - 97 (1971): Teil 3, Betreibungs- und Konkursrecht, Poursuite et faillite. - Band 68 (1942) - 97 (1971): Teil 4, Strafrecht, Droit pénal. - Band 96 (1970) - 97 (1971): Teil 5, Sozialversicherungsrecht, Droit des assurances sociales. - Band 98 (1972) - 104 (1978): Teil 1 a, Staatsrecht, Droit public. - Band 105 (1979) - 120 (1994): Teil 1 a, Verfassungsrecht (inkl. Kompetenzkonflikte), Droit constitutionnel (y compris les conflits de compétence). - Band 98 (1972) - 104 (1978): Teil 1 b, Verwaltungsrecht, Droit administratif. - Band 105 (1979) - 120 (1994): Teil 1 b, Verwaltungsrecht und Internationales Oeffentliches Recht (inkl. Klagen aus dem öffentlichen Recht), Droit administratif et droit international public (y compris les actions fondées sur le droit public). - Band 98 (1972) - 120 (1994): Teil 2, Zivilrecht, Droit civil. - Band 98 (1972) - 116 (1990): Teil 3, Betreibungs- und Konkursrecht, Poursuite et faillite. - Band 117 (1991) - 120 (1994): Teil 3, Schuldbetreibungs- und Konkursrecht, Poursuite pour dettes et faillite. - Band 98 (1972) - 104 (1978): Teil 4, Strafrecht, Droit pénal. - Band 105 (1979) - 120 (1994): Teil 4, Strafrecht und Strafvollzug, Droit pénal, exécution des peines. - Band 98 (1972) - 120 (1994): Teil 5, Sozialversicherungsrecht, Droit des assurances sociales</subfield>
         </datafield>
         <datafield tag="500" ind1=" " ind2=" ">
            <subfield code="a">Band 121 (1995) - 137 (2011): Teil 1, Verfassungsrecht (inkl. Kompetenzkonflikte), Droit constitutionnel (y compris les conflits de compétence). - Band 121 (1995) - 137 (2011): Teil 2, Verwaltungsrecht und Internationales Öffentliches Recht (inkl. Klagen aus dem öffentlichen Recht), Droit administratif et droit international public (y compris les actions fondées sur le droit public). - Band 121 (1995) - 137 (2011): Teil 3, Zivilrecht und Schuldbetreibungs- und Konkursrecht, Droit civil et Poursuite pour dettes et faillite. - Band 121 (1995) - 137 (2011): Teil 4, Strafrecht und Strafvollzug, Droit pénal, exécution des peines. - Ab Band 121 (1995): Teil 5, Sozialversicherungsrecht, Droit des assurances sociales</subfield>
         </datafield>
         <datafield tag="500" ind1=" " ind2=" ">
            <subfield code="a">Ab Band 138 (2012): Teil 1, Verfassungsrecht, Droit constitutionel; Ab Band 138 (2012): Teil 2, Verwaltungsrecht, Droit administratif; Ab Band 138 (2012): Teil 3, Privatrecht, Droit privé; Ab Band 138 (2012): Teil 4, Strafrecht, Droit pénal; Ab Band 121 (1995): Teil 5, Sozialversicherungsrecht, Droit des assurances sociales</subfield>
         </datafield>
         <datafield tag="546" ind1=" " ind2=" ">
            <subfield code="a">Texte deutsch, französisch oder italienisch; Regesten mehrsprachig</subfield>
         </datafield>
         <datafield tag="610" ind1="1" ind2="7">
            <subfield code="a">Schweiz</subfield>
            <subfield code="b">Bundesgericht</subfield>
            <subfield code="0">(DE-588)4008957-5</subfield>
            <subfield code="2">gnd</subfield>
         </datafield>
         <datafield tag="610" ind1="1" ind2="7">
            <subfield code="a">Schweiz</subfield>
            <subfield code="b">Versicherungsgericht</subfield>
            <subfield code="0">(DE-588)38224-3</subfield>
            <subfield code="2">gnd</subfield>
         </datafield>
         <datafield tag="655" ind1=" " ind2="7">
            <subfield code="a">Zeitschrift</subfield>
            <subfield code="2">gnd-content</subfield>
         </datafield>
         <datafield tag="655" ind1=" " ind2="7">
            <subfield code="a">Entscheidungssammlung</subfield>
            <subfield code="2">gnd-content</subfield>
         </datafield>
         <datafield tag="710" ind1="1" ind2=" ">
            <subfield code="a">Schweiz</subfield>
            <subfield code="b">Bundesgericht</subfield>
            <subfield code="0">(DE-588)37886-0</subfield>
         </datafield>
         <datafield tag="710" ind1="1" ind2=" ">
            <subfield code="a">Schweiz</subfield>
            <subfield code="b">Versicherungsgericht</subfield>
            <subfield code="0">(DE-588)38224-3</subfield>
         </datafield>
         <datafield tag="776" ind1="0" ind2="8">
            <subfield code="i">Online-Ausgabe</subfield>
            <subfield code="w">(IDSSG)000970975</subfield>
            <subfield code="9">502861827</subfield>
         </datafield>
         <datafield tag="950" ind1=" " ind2=" ">
            <subfield code="B">IDSSG</subfield>
            <subfield code="P">710</subfield>
            <subfield code="E">1-</subfield>
            <subfield code="a">Schweiz</subfield>
            <subfield code="b">Bundesgericht</subfield>
            <subfield code="0">(DE-588)37886-0</subfield>
         </datafield>
         <datafield tag="950" ind1=" " ind2=" ">
            <subfield code="B">IDSSG</subfield>
            <subfield code="P">710</subfield>
            <subfield code="E">1-</subfield>
            <subfield code="a">Schweiz</subfield>
            <subfield code="b">Versicherungsgericht</subfield>
            <subfield code="0">(DE-588)38224-3</subfield>
         </datafield>
         <datafield tag="950" ind1=" " ind2=" ">
            <subfield code="B">IDSSG</subfield>
            <subfield code="P">776</subfield>
            <subfield code="E">08</subfield>
            <subfield code="i">Online-Ausgabe</subfield>
            <subfield code="w">(IDSSG)000970975</subfield>
            <subfield code="9">502861827</subfield>
         </datafield>
         <datafield tag="986" ind1=" " ind2=" ">
            <subfield code="a">SWISSBIB</subfield>
            <subfield code="b">018916627</subfield>
         </datafield>
         <datafield tag="898" ind1=" " ind2=" ">
            <subfield code="a">CR030600</subfield>
            <subfield code="b">XR030000</subfield>
            <subfield code="c">XR030000</subfield>
         </datafield>
         <datafield tag="949" ind1=" " ind2=" ">
            <subfield code="B">IDSSG</subfield>
            <subfield code="F">HSG</subfield>
            <subfield code="c">BURON</subfield>
            <subfield code="j">PB 3060 -..1</subfield>
            <subfield code="z">1(1875)</subfield>
         </datafield>
         <datafield tag="949" ind1=" " ind2=" ">
            <subfield code="B">IDSSG</subfield>
            <subfield code="F">HSG</subfield>
            <subfield code="c">BURON</subfield>
            <subfield code="j">PB 3060 -..2</subfield>
            <subfield code="z">2(1876)</subfield>
         </datafield>
         <datafield tag="949" ind1=" " ind2=" ">
            <subfield code="B">IDSSG</subfield>
            <subfield code="F">HSG</subfield>
            <subfield code="c">BURON</subfield>
            <subfield code="j">PB 3060 -..3</subfield>
            <subfield code="z">3(1877)</subfield>
         </datafield>
         <datafield tag="949" ind1=" " ind2=" ">
            <subfield code="B">IDSSG</subfield>
            <subfield code="F">HSG</subfield>
            <subfield code="c">BURON</subfield>
            <subfield code="j">PB 3060 -..4</subfield>
            <subfield code="z">4(1878)</subfield>
         </datafield>
         <datafield tag="949" ind1=" " ind2=" ">
            <subfield code="B">IDSSG</subfield>
            <subfield code="F">HSG</subfield>
            <subfield code="c">BURON</subfield>
            <subfield code="j">PB 3060 -..5</subfield>
            <subfield code="z">5(1879)</subfield>
         </datafield>
         <datafield tag="949" ind1=" " ind2=" ">
            <subfield code="B">IDSSG</subfield>
            <subfield code="F">HSG</subfield>
            <subfield code="c">BURON</subfield>
            <subfield code="j">PB 3060 -..6</subfield>
            <subfield code="z">6(1880)</subfield>
         </datafield>
         <datafield tag="949" ind1=" " ind2=" ">
            <subfield code="B">IDSSG</subfield>
            <subfield code="F">HSG</subfield>
            <subfield code="c">BURON</subfield>
            <subfield code="j">PB 3060 -..7</subfield>
            <subfield code="z">7(1881)</subfield>
         </datafield>
         <datafield tag="949" ind1=" " ind2=" ">
            <subfield code="B">IDSSG</subfield>
            <subfield code="F">HSG</subfield>
            <subfield code="c">BURON</subfield>
            <subfield code="j">PB 3060 -..8</subfield>
            <subfield code="z">8(1882)</subfield>
         </datafield>
         <datafield tag="949" ind1=" " ind2=" ">
            <subfield code="B">IDSSG</subfield>
            <subfield code="F">HSG</subfield>
            <subfield code="c">BURON</subfield>
            <subfield code="j">PB 3060 -..9</subfield>
            <subfield code="z">9(1883)</subfield>
         </datafield>
         <datafield tag="949" ind1=" " ind2=" ">
            <subfield code="B">IDSSG</subfield>
            <subfield code="F">HSG</subfield>
            <subfield code="c">BURON</subfield>
            <subfield code="j">PB 3060 -.10</subfield>
            <subfield code="z">10(1884)</subfield>
         </datafield>
         <datafield tag="949" ind1=" " ind2=" ">
            <subfield code="B">IDSSG</subfield>
            <subfield code="F">HSG</subfield>
            <subfield code="c">BURON</subfield>
            <subfield code="j">PB 3060 -.11</subfield>
            <subfield code="z">11(1885)</subfield>
         </datafield>
         <datafield tag="949" ind1=" " ind2=" ">
            <subfield code="B">IDSSG</subfield>
            <subfield code="F">HSG</subfield>
            <subfield code="c">BURON</subfield>
            <subfield code="j">PB 3060 -.12</subfield>
            <subfield code="z">12(1886)</subfield>
         </datafield>
         <datafield tag="949" ind1=" " ind2=" ">
            <subfield code="B">IDSSG</subfield>
            <subfield code="F">HSG</subfield>
            <subfield code="c">BURON</subfield>
            <subfield code="j">PB 3060 -.13</subfield>
            <subfield code="z">13(1887)</subfield>
         </datafield>
         <datafield tag="949" ind1=" " ind2=" ">
            <subfield code="B">IDSSG</subfield>
            <subfield code="F">HSG</subfield>
            <subfield code="c">BURON</subfield>
            <subfield code="j">PB 3060 -.14</subfield>
            <subfield code="z">14(1888)</subfield>
         </datafield>
         <datafield tag="949" ind1=" " ind2=" ">
            <subfield code="B">IDSSG</subfield>
            <subfield code="F">HSG</subfield>
            <subfield code="c">BURON</subfield>
            <subfield code="j">PB 3060 -.15</subfield>
            <subfield code="z">15(1889)</subfield>
         </datafield>
         <datafield tag="949" ind1=" " ind2=" ">
            <subfield code="B">IDSSG</subfield>
            <subfield code="F">HSG</subfield>
            <subfield code="c">BURON</subfield>
            <subfield code="j">PB 3060 -.16</subfield>
            <subfield code="z">16(1890)</subfield>
         </datafield>
         <datafield tag="949" ind1=" " ind2=" ">
            <subfield code="B">IDSSG</subfield>
            <subfield code="F">HSG</subfield>
            <subfield code="c">BURON</subfield>
            <subfield code="j">PB 3060 -.17</subfield>
            <subfield code="z">17(1891)</subfield>
         </datafield>
         <datafield tag="949" ind1=" " ind2=" ">
            <subfield code="B">IDSSG</subfield>
            <subfield code="F">HSG</subfield>
            <subfield code="c">BURON</subfield>
            <subfield code="j">PB 3060 -.18</subfield>
            <subfield code="z">18(1892)</subfield>
         </datafield>
         <datafield tag="949" ind1=" " ind2=" ">
            <subfield code="B">IDSSG</subfield>
            <subfield code="F">HSG</subfield>
            <subfield code="c">BURON</subfield>
            <subfield code="j">PB 3060 -.19</subfield>
            <subfield code="z">19(1893)</subfield>
         </datafield>
         <datafield tag="949" ind1=" " ind2=" ">
            <subfield code="B">IDSSG</subfield>
            <subfield code="F">HSG</subfield>
            <subfield code="c">BURON</subfield>
            <subfield code="j">PB 3060 -.20</subfield>
            <subfield code="z">20(1894)</subfield>
         </datafield>
         <datafield tag="949" ind1=" " ind2=" ">
            <subfield code="B">IDSSG</subfield>
            <subfield code="F">HSG</subfield>
            <subfield code="c">BURON</subfield>
            <subfield code="j">PB 3060 -.21</subfield>
            <subfield code="z">21(1895)</subfield>
         </datafield>
         <datafield tag="949" ind1=" " ind2=" ">
            <subfield code="B">IDSSG</subfield>
            <subfield code="F">HSG</subfield>
            <subfield code="c">BURON</subfield>
            <subfield code="j">PB 3060 -.22</subfield>
            <subfield code="z">22(1896)</subfield>
         </datafield>
         <datafield tag="949" ind1=" " ind2=" ">
            <subfield code="B">IDSSG</subfield>
            <subfield code="F">HSG</subfield>
            <subfield code="c">BURON</subfield>
            <subfield code="j">PB 3060 -.23,1</subfield>
            <subfield code="z">23(1897):1</subfield>
         </datafield>
         <datafield tag="949" ind1=" " ind2=" ">
            <subfield code="B">IDSSG</subfield>
            <subfield code="F">HSG</subfield>
            <subfield code="c">BURON</subfield>
            <subfield code="j">PB 3060 -.23,2</subfield>
            <subfield code="z">23(1897):2</subfield>
         </datafield>
         <datafield tag="949" ind1=" " ind2=" ">
            <subfield code="B">IDSSG</subfield>
            <subfield code="F">HSG</subfield>
            <subfield code="c">BURON</subfield>
            <subfield code="j">PB 3060 -.24,1</subfield>
            <subfield code="z">24(1898):1</subfield>
         </datafield>
         <datafield tag="949" ind1=" " ind2=" ">
            <subfield code="B">IDSSG</subfield>
            <subfield code="F">HSG</subfield>
            <subfield code="c">BURON</subfield>
            <subfield code="j">PB 3060 -.24,2</subfield>
            <subfield code="z">24(1898):2</subfield>
         </datafield>
         <datafield tag="949" ind1=" " ind2=" ">
            <subfield code="B">IDSSG</subfield>
            <subfield code="F">HSG</subfield>
            <subfield code="c">BURON</subfield>
            <subfield code="j">PB 3060 -.25,1</subfield>
            <subfield code="z">25(1899):1</subfield>
         </datafield>
         <datafield tag="949" ind1=" " ind2=" ">
            <subfield code="B">IDSSG</subfield>
            <subfield code="F">HSG</subfield>
            <subfield code="c">BURON</subfield>
            <subfield code="j">PB 3060 -.25,2</subfield>
            <subfield code="z">25(1899):2</subfield>
         </datafield>
         <datafield tag="949" ind1=" " ind2=" ">
            <subfield code="B">IDSSG</subfield>
            <subfield code="F">HSG</subfield>
            <subfield code="c">BURON</subfield>
            <subfield code="j">PB 3060 -.26,1</subfield>
            <subfield code="z">26(1900):1</subfield>
         </datafield>
         <datafield tag="949" ind1=" " ind2=" ">
            <subfield code="B">IDSSG</subfield>
            <subfield code="F">HSG</subfield>
            <subfield code="c">BURON</subfield>
            <subfield code="j">PB 3060 -.26,2</subfield>
            <subfield code="z">26(1900):2</subfield>
         </datafield>
         <datafield tag="949" ind1=" " ind2=" ">
            <subfield code="B">IDSSG</subfield>
            <subfield code="F">HSG</subfield>
            <subfield code="c">BURON</subfield>
            <subfield code="j">PB 3060 -.27,1</subfield>
            <subfield code="z">27(1901):1</subfield>
         </datafield>
         <datafield tag="949" ind1=" " ind2=" ">
            <subfield code="B">IDSSG</subfield>
            <subfield code="F">HSG</subfield>
            <subfield code="c">BURON</subfield>
            <subfield code="j">PB 3060 -.27,2</subfield>
            <subfield code="z">27(1901):2</subfield>
         </datafield>
         <datafield tag="949" ind1=" " ind2=" ">
            <subfield code="B">IDSSG</subfield>
            <subfield code="F">HSG</subfield>
            <subfield code="c">BURON</subfield>
            <subfield code="j">PB 3060 -.28,1</subfield>
            <subfield code="z">28(1902):1</subfield>
         </datafield>
         <datafield tag="949" ind1=" " ind2=" ">
            <subfield code="B">IDSSG</subfield>
            <subfield code="F">HSG</subfield>
            <subfield code="c">BURON</subfield>
            <subfield code="j">PB 3060 -.28,2</subfield>
            <subfield code="z">28(1902):2</subfield>
         </datafield>
         <datafield tag="949" ind1=" " ind2=" ">
            <subfield code="B">IDSSG</subfield>
            <subfield code="F">HSG</subfield>
            <subfield code="c">BURON</subfield>
            <subfield code="j">PB 3060 -.29,1</subfield>
            <subfield code="z">29(1903):1</subfield>
         </datafield>
         <datafield tag="949" ind1=" " ind2=" ">
            <subfield code="B">IDSSG</subfield>
            <subfield code="F">HSG</subfield>
            <subfield code="c">BURON</subfield>
            <subfield code="j">PB 3060 -.29,2</subfield>
            <subfield code="z">29(1903):2</subfield>
         </datafield>
         <datafield tag="949" ind1=" " ind2=" ">
            <subfield code="B">IDSSG</subfield>
            <subfield code="F">HSG</subfield>
            <subfield code="c">BURON</subfield>
            <subfield code="j">PB 3060 -.30,1</subfield>
            <subfield code="z">30(1904):1</subfield>
         </datafield>
         <datafield tag="949" ind1=" " ind2=" ">
            <subfield code="B">IDSSG</subfield>
            <subfield code="F">HSG</subfield>
            <subfield code="c">BURON</subfield>
            <subfield code="j">PB 3060 -.30,2</subfield>
            <subfield code="z">30(1904):2</subfield>
         </datafield>
         <datafield tag="949" ind1=" " ind2=" ">
            <subfield code="B">IDSSG</subfield>
            <subfield code="F">HSG</subfield>
            <subfield code="c">BURON</subfield>
            <subfield code="j">PB 3060 -.31,1</subfield>
            <subfield code="z">31(1905):1</subfield>
         </datafield>
         <datafield tag="949" ind1=" " ind2=" ">
            <subfield code="B">IDSSG</subfield>
            <subfield code="F">HSG</subfield>
            <subfield code="c">BURON</subfield>
            <subfield code="j">PB 3060 -.31,2</subfield>
            <subfield code="z">31(1905):2</subfield>
         </datafield>
         <datafield tag="949" ind1=" " ind2=" ">
            <subfield code="B">IDSSG</subfield>
            <subfield code="F">HSG</subfield>
            <subfield code="c">BURON</subfield>
            <subfield code="j">PB 3060 -.32,1</subfield>
            <subfield code="z">32(1906):1</subfield>
         </datafield>
         <datafield tag="949" ind1=" " ind2=" ">
            <subfield code="B">IDSSG</subfield>
            <subfield code="F">HSG</subfield>
            <subfield code="c">BURON</subfield>
            <subfield code="j">PB 3060 -.32,2</subfield>
            <subfield code="z">32(1906):2</subfield>
         </datafield>
         <datafield tag="949" ind1=" " ind2=" ">
            <subfield code="B">IDSSG</subfield>
            <subfield code="F">HSG</subfield>
            <subfield code="c">BURON</subfield>
            <subfield code="j">PB 3060 -.33,1</subfield>
            <subfield code="z">33(1907):1</subfield>
         </datafield>
         <datafield tag="949" ind1=" " ind2=" ">
            <subfield code="B">IDSSG</subfield>
            <subfield code="F">HSG</subfield>
            <subfield code="c">BURON</subfield>
            <subfield code="j">PB 3060 -.33,2</subfield>
            <subfield code="z">33(1907):2</subfield>
         </datafield>
         <datafield tag="949" ind1=" " ind2=" ">
            <subfield code="B">IDSSG</subfield>
            <subfield code="F">HSG</subfield>
            <subfield code="c">BURON</subfield>
            <subfield code="j">PB 3060 -.34,1</subfield>
            <subfield code="z">34(1908):1</subfield>
         </datafield>
         <datafield tag="949" ind1=" " ind2=" ">
            <subfield code="B">IDSSG</subfield>
            <subfield code="F">HSG</subfield>
            <subfield code="c">BURON</subfield>
            <subfield code="j">PB 3060 -.34,2</subfield>
            <subfield code="z">34(1908):2</subfield>
         </datafield>
         <datafield tag="949" ind1=" " ind2=" ">
            <subfield code="B">IDSSG</subfield>
            <subfield code="F">HSG</subfield>
            <subfield code="c">BURON</subfield>
            <subfield code="j">PB 3060 -.35,1</subfield>
            <subfield code="z">35(1909):1</subfield>
         </datafield>
         <datafield tag="949" ind1=" " ind2=" ">
            <subfield code="B">IDSSG</subfield>
            <subfield code="F">HSG</subfield>
            <subfield code="c">BURON</subfield>
            <subfield code="j">PB 3060 -.35,2</subfield>
            <subfield code="z">35(1909):2</subfield>
         </datafield>
         <datafield tag="949" ind1=" " ind2=" ">
            <subfield code="B">IDSSG</subfield>
            <subfield code="F">HSG</subfield>
            <subfield code="c">BURON</subfield>
            <subfield code="j">PB 3060 -.36,1</subfield>
            <subfield code="z">36(1910):1</subfield>
         </datafield>
         <datafield tag="949" ind1=" " ind2=" ">
            <subfield code="B">IDSSG</subfield>
            <subfield code="F">HSG</subfield>
            <subfield code="c">BURON</subfield>
            <subfield code="j">PB 3060 -.36,2</subfield>
            <subfield code="z">36(1910):2</subfield>
         </datafield>
         <datafield tag="949" ind1=" " ind2=" ">
            <subfield code="B">IDSSG</subfield>
            <subfield code="F">HSG</subfield>
            <subfield code="c">BURON</subfield>
            <subfield code="j">PB 3060 -.37,1</subfield>
            <subfield code="z">37(1911):1</subfield>
         </datafield>
         <datafield tag="949" ind1=" " ind2=" ">
            <subfield code="B">IDSSG</subfield>
            <subfield code="F">HSG</subfield>
            <subfield code="c">BURON</subfield>
            <subfield code="j">PB 3060 -.37,2</subfield>
            <subfield code="z">37(1911):2</subfield>
         </datafield>
         <datafield tag="949" ind1=" " ind2=" ">
            <subfield code="B">IDSSG</subfield>
            <subfield code="F">HSG</subfield>
            <subfield code="c">BURON</subfield>
            <subfield code="j">PB 3060 -.38,1+2</subfield>
            <subfield code="z">38(1912):1</subfield>
         </datafield>
         <datafield tag="949" ind1=" " ind2=" ">
            <subfield code="B">IDSSG</subfield>
            <subfield code="F">HSG</subfield>
            <subfield code="c">BURON</subfield>
            <subfield code="j">PB 3060 -.38,2+2</subfield>
            <subfield code="z">38(1912):2</subfield>
         </datafield>
         <datafield tag="949" ind1=" " ind2=" ">
            <subfield code="B">IDSSG</subfield>
            <subfield code="F">HSG</subfield>
            <subfield code="c">BURON</subfield>
            <subfield code="j">PB 3060 -.39,1+2</subfield>
            <subfield code="z">39(1913):1</subfield>
         </datafield>
         <datafield tag="949" ind1=" " ind2=" ">
            <subfield code="B">IDSSG</subfield>
            <subfield code="F">HSG</subfield>
            <subfield code="c">BURON</subfield>
            <subfield code="j">PB 3060 -.39,2+2</subfield>
            <subfield code="z">39(1913):2</subfield>
         </datafield>
         <datafield tag="949" ind1=" " ind2=" ">
            <subfield code="B">IDSSG</subfield>
            <subfield code="F">HSG</subfield>
            <subfield code="c">BURON</subfield>
            <subfield code="j">PB 3060 -.40,1+2</subfield>
            <subfield code="z">40(1914):1</subfield>
         </datafield>
         <datafield tag="949" ind1=" " ind2=" ">
            <subfield code="B">IDSSG</subfield>
            <subfield code="F">HSG</subfield>
            <subfield code="c">BURON</subfield>
            <subfield code="j">PB 3060 -.40,2+2</subfield>
            <subfield code="z">40(1914):2</subfield>
         </datafield>
         <datafield tag="949" ind1=" " ind2=" ">
            <subfield code="B">IDSSG</subfield>
            <subfield code="F">HSG</subfield>
            <subfield code="c">BURON</subfield>
            <subfield code="j">PB 3060 -.40,3+2</subfield>
            <subfield code="z">40(1914):3</subfield>
         </datafield>
         <datafield tag="949" ind1=" " ind2=" ">
            <subfield code="B">IDSSG</subfield>
            <subfield code="F">HSG</subfield>
            <subfield code="c">BURON</subfield>
            <subfield code="j">PB 3060 -.41,1+2</subfield>
            <subfield code="z">41(1915):1</subfield>
         </datafield>
         <datafield tag="949" ind1=" " ind2=" ">
            <subfield code="B">IDSSG</subfield>
            <subfield code="F">HSG</subfield>
            <subfield code="c">BURON</subfield>
            <subfield code="j">PB 3060 -.41,2</subfield>
            <subfield code="z">41(1915):2</subfield>
         </datafield>
         <datafield tag="949" ind1=" " ind2=" ">
            <subfield code="B">IDSSG</subfield>
            <subfield code="F">HSG</subfield>
            <subfield code="c">BURON</subfield>
            <subfield code="j">PB 3060 -.41,3+2</subfield>
            <subfield code="z">41(1915):3</subfield>
         </datafield>
         <datafield tag="949" ind1=" " ind2=" ">
            <subfield code="B">IDSSG</subfield>
            <subfield code="F">HSG</subfield>
            <subfield code="c">BURON</subfield>
            <subfield code="j">PB 3060 -.42,1+2</subfield>
            <subfield code="z">42(1916):1</subfield>
         </datafield>
         <datafield tag="949" ind1=" " ind2=" ">
            <subfield code="B">IDSSG</subfield>
            <subfield code="F">HSG</subfield>
            <subfield code="c">BURON</subfield>
            <subfield code="j">PB 3060 -.42,2</subfield>
            <subfield code="z">42(1916):2</subfield>
         </datafield>
         <datafield tag="949" ind1=" " ind2=" ">
            <subfield code="B">IDSSG</subfield>
            <subfield code="F">HSG</subfield>
            <subfield code="c">BURON</subfield>
            <subfield code="j">PB 3060 -.42,3+2</subfield>
            <subfield code="z">42(1916):3</subfield>
         </datafield>
         <datafield tag="949" ind1=" " ind2=" ">
            <subfield code="B">IDSSG</subfield>
            <subfield code="F">HSG</subfield>
            <subfield code="c">BURON</subfield>
            <subfield code="j">PB 3060 -.43,1+2</subfield>
            <subfield code="z">43(1917):1</subfield>
         </datafield>
         <datafield tag="949" ind1=" " ind2=" ">
            <subfield code="B">IDSSG</subfield>
            <subfield code="F">HSG</subfield>
            <subfield code="c">BURON</subfield>
            <subfield code="j">PB 3060 -.43,2+2</subfield>
            <subfield code="z">43(1917):2</subfield>
         </datafield>
         <datafield tag="949" ind1=" " ind2=" ">
            <subfield code="B">IDSSG</subfield>
            <subfield code="F">HSG</subfield>
            <subfield code="c">BURON</subfield>
            <subfield code="j">PB 3060 -.43,3+2</subfield>
            <subfield code="z">43(1917):3</subfield>
         </datafield>
         <datafield tag="949" ind1=" " ind2=" ">
            <subfield code="B">IDSSG</subfield>
            <subfield code="F">HSG</subfield>
            <subfield code="c">BURON</subfield>
            <subfield code="j">PB 3060 -.44,1+2</subfield>
            <subfield code="z">44(1918):1</subfield>
         </datafield>
         <datafield tag="949" ind1=" " ind2=" ">
            <subfield code="B">IDSSG</subfield>
            <subfield code="F">HSG</subfield>
            <subfield code="c">BURON</subfield>
            <subfield code="j">PB 3060 -.44,2+2</subfield>
            <subfield code="z">44(1918):2</subfield>
         </datafield>
         <datafield tag="949" ind1=" " ind2=" ">
            <subfield code="B">IDSSG</subfield>
            <subfield code="F">HSG</subfield>
            <subfield code="c">BURON</subfield>
            <subfield code="j">PB 3060 -.44,3+2</subfield>
            <subfield code="z">44(1918):3</subfield>
         </datafield>
         <datafield tag="949" ind1=" " ind2=" ">
            <subfield code="B">IDSSG</subfield>
            <subfield code="F">HSG</subfield>
            <subfield code="c">BURON</subfield>
            <subfield code="j">PB 3060 -.45,1+2</subfield>
            <subfield code="z">45(1919):1</subfield>
         </datafield>
         <datafield tag="949" ind1=" " ind2=" ">
            <subfield code="B">IDSSG</subfield>
            <subfield code="F">HSG</subfield>
            <subfield code="c">BURON</subfield>
            <subfield code="j">PB 3060 -.45,2</subfield>
            <subfield code="z">45(1919):2</subfield>
         </datafield>
         <datafield tag="949" ind1=" " ind2=" ">
            <subfield code="B">IDSSG</subfield>
            <subfield code="F">HSG</subfield>
            <subfield code="c">BURON</subfield>
            <subfield code="j">PB 3060 -.45,3+2</subfield>
            <subfield code="z">45(1919):3</subfield>
         </datafield>
         <datafield tag="949" ind1=" " ind2=" ">
            <subfield code="B">IDSSG</subfield>
            <subfield code="F">HSG</subfield>
            <subfield code="c">BURON</subfield>
            <subfield code="j">PB 3060 -.46,1+2</subfield>
            <subfield code="z">46(1920):1</subfield>
         </datafield>
         <datafield tag="949" ind1=" " ind2=" ">
            <subfield code="B">IDSSG</subfield>
            <subfield code="F">HSG</subfield>
            <subfield code="c">BURON</subfield>
            <subfield code="j">PB 3060 -.46,2</subfield>
            <subfield code="z">46(1920):2</subfield>
         </datafield>
         <datafield tag="949" ind1=" " ind2=" ">
            <subfield code="B">IDSSG</subfield>
            <subfield code="F">HSG</subfield>
            <subfield code="c">BURON</subfield>
            <subfield code="j">PB 3060 -.46,3+2</subfield>
            <subfield code="z">46(1920):3</subfield>
         </datafield>
         <datafield tag="949" ind1=" " ind2=" ">
            <subfield code="B">IDSSG</subfield>
            <subfield code="F">HSG</subfield>
            <subfield code="c">BURON</subfield>
            <subfield code="j">PB 3060 -.47,1</subfield>
            <subfield code="z">47(1921):1</subfield>
         </datafield>
         <datafield tag="949" ind1=" " ind2=" ">
            <subfield code="B">IDSSG</subfield>
            <subfield code="F">HSG</subfield>
            <subfield code="c">BURON</subfield>
            <subfield code="j">PB 3060 -.47,2+2</subfield>
            <subfield code="z">47(1921):2</subfield>
         </datafield>
         <datafield tag="949" ind1=" " ind2=" ">
            <subfield code="B">IDSSG</subfield>
            <subfield code="F">HSG</subfield>
            <subfield code="c">BURON</subfield>
            <subfield code="j">PB 3060 -.47,3+2</subfield>
            <subfield code="z">47(1921):3</subfield>
         </datafield>
         <datafield tag="949" ind1=" " ind2=" ">
            <subfield code="B">IDSSG</subfield>
            <subfield code="F">HSG</subfield>
            <subfield code="c">BURON</subfield>
            <subfield code="j">PB 3060 -.48,1+2</subfield>
            <subfield code="z">48(1922):1</subfield>
         </datafield>
         <datafield tag="949" ind1=" " ind2=" ">
            <subfield code="B">IDSSG</subfield>
            <subfield code="F">HSG</subfield>
            <subfield code="c">BURON</subfield>
            <subfield code="j">PB 3060 -.48,2+2</subfield>
            <subfield code="z">48(1922):2</subfield>
         </datafield>
         <datafield tag="949" ind1=" " ind2=" ">
            <subfield code="B">IDSSG</subfield>
            <subfield code="F">HSG</subfield>
            <subfield code="c">BURON</subfield>
            <subfield code="j">PB 3060 -.48,3+2</subfield>
            <subfield code="z">48(1922):3</subfield>
         </datafield>
         <datafield tag="949" ind1=" " ind2=" ">
            <subfield code="B">IDSSG</subfield>
            <subfield code="F">HSG</subfield>
            <subfield code="c">BURON</subfield>
            <subfield code="j">PB 3060 -.49,1+2</subfield>
            <subfield code="z">49(1923):1</subfield>
         </datafield>
         <datafield tag="949" ind1=" " ind2=" ">
            <subfield code="B">IDSSG</subfield>
            <subfield code="F">HSG</subfield>
            <subfield code="c">BURON</subfield>
            <subfield code="j">PB 3060 -.49,2</subfield>
            <subfield code="z">49(1923):2</subfield>
         </datafield>
         <datafield tag="949" ind1=" " ind2=" ">
            <subfield code="B">IDSSG</subfield>
            <subfield code="F">HSG</subfield>
            <subfield code="c">BURON</subfield>
            <subfield code="j">PB 3060 -.49,3+2</subfield>
            <subfield code="z">49(1923):3</subfield>
         </datafield>
         <datafield tag="949" ind1=" " ind2=" ">
            <subfield code="B">IDSSG</subfield>
            <subfield code="F">HSG</subfield>
            <subfield code="c">BURON</subfield>
            <subfield code="j">PB 3060 -.50,1+2</subfield>
            <subfield code="z">50(1924):1</subfield>
         </datafield>
         <datafield tag="949" ind1=" " ind2=" ">
            <subfield code="B">IDSSG</subfield>
            <subfield code="F">HSG</subfield>
            <subfield code="c">BURON</subfield>
            <subfield code="j">PB 3060 -.50,2</subfield>
            <subfield code="z">50(1924):2</subfield>
         </datafield>
         <datafield tag="949" ind1=" " ind2=" ">
            <subfield code="B">IDSSG</subfield>
            <subfield code="F">HSG</subfield>
            <subfield code="c">BURON</subfield>
            <subfield code="j">PB 3060 -.50,3+2</subfield>
            <subfield code="z">50(1924):3</subfield>
         </datafield>
         <datafield tag="949" ind1=" " ind2=" ">
            <subfield code="B">IDSSG</subfield>
            <subfield code="F">HSG</subfield>
            <subfield code="c">BURON</subfield>
            <subfield code="j">PB 3060 -.51,1+2</subfield>
            <subfield code="z">51(1925):1</subfield>
         </datafield>
         <datafield tag="949" ind1=" " ind2=" ">
            <subfield code="B">IDSSG</subfield>
            <subfield code="F">HSG</subfield>
            <subfield code="c">BURON</subfield>
            <subfield code="j">PB 3060 -.51,2</subfield>
            <subfield code="z">51(1925):2</subfield>
         </datafield>
         <datafield tag="949" ind1=" " ind2=" ">
            <subfield code="B">IDSSG</subfield>
            <subfield code="F">HSG</subfield>
            <subfield code="c">BURON</subfield>
            <subfield code="j">PB 3060 -.51,3+2</subfield>
            <subfield code="z">51(1925):3</subfield>
         </datafield>
         <datafield tag="949" ind1=" " ind2=" ">
            <subfield code="B">IDSSG</subfield>
            <subfield code="F">HSG</subfield>
            <subfield code="c">BURON</subfield>
            <subfield code="j">PB 3060 -.52,1+2</subfield>
            <subfield code="z">52(1926):1</subfield>
         </datafield>
         <datafield tag="949" ind1=" " ind2=" ">
            <subfield code="B">IDSSG</subfield>
            <subfield code="F">HSG</subfield>
            <subfield code="c">BURON</subfield>
            <subfield code="j">PB 3060 -.52,2+2</subfield>
            <subfield code="z">52(1926):2</subfield>
         </datafield>
         <datafield tag="949" ind1=" " ind2=" ">
            <subfield code="B">IDSSG</subfield>
            <subfield code="F">HSG</subfield>
            <subfield code="c">BURON</subfield>
            <subfield code="j">PB 3060 -.52,3</subfield>
            <subfield code="z">52(1926):3</subfield>
         </datafield>
         <datafield tag="949" ind1=" " ind2=" ">
            <subfield code="B">IDSSG</subfield>
            <subfield code="F">HSG</subfield>
            <subfield code="c">BURON</subfield>
            <subfield code="j">PB 3060 -.53,1+2</subfield>
            <subfield code="z">53(1927):1</subfield>
         </datafield>
         <datafield tag="949" ind1=" " ind2=" ">
            <subfield code="B">IDSSG</subfield>
            <subfield code="F">HSG</subfield>
            <subfield code="c">BURON</subfield>
            <subfield code="j">PB 3060 -.53,2</subfield>
            <subfield code="z">53(1927):2</subfield>
         </datafield>
         <datafield tag="949" ind1=" " ind2=" ">
            <subfield code="B">IDSSG</subfield>
            <subfield code="F">HSG</subfield>
            <subfield code="c">BURON</subfield>
            <subfield code="j">PB 3060 -.53,3+2</subfield>
            <subfield code="z">53(1927):3</subfield>
         </datafield>
         <datafield tag="949" ind1=" " ind2=" ">
            <subfield code="B">IDSSG</subfield>
            <subfield code="F">HSG</subfield>
            <subfield code="c">BURON</subfield>
            <subfield code="j">PB 3060 -.54,1+2</subfield>
            <subfield code="z">54(1928):1</subfield>
         </datafield>
         <datafield tag="949" ind1=" " ind2=" ">
            <subfield code="B">IDSSG</subfield>
            <subfield code="F">HSG</subfield>
            <subfield code="c">BURON</subfield>
            <subfield code="j">PB 3060 -.54,2+2</subfield>
            <subfield code="z">54(1928):2</subfield>
         </datafield>
         <datafield tag="949" ind1=" " ind2=" ">
            <subfield code="B">IDSSG</subfield>
            <subfield code="F">HSG</subfield>
            <subfield code="c">BURON</subfield>
            <subfield code="j">PB 3060 -.54,3+2</subfield>
            <subfield code="z">54(1928):3</subfield>
         </datafield>
         <datafield tag="949" ind1=" " ind2=" ">
            <subfield code="B">IDSSG</subfield>
            <subfield code="F">HSG</subfield>
            <subfield code="c">BURON</subfield>
            <subfield code="j">PB 3060 -.55,1+2</subfield>
            <subfield code="z">55(1929):1</subfield>
         </datafield>
         <datafield tag="949" ind1=" " ind2=" ">
            <subfield code="B">IDSSG</subfield>
            <subfield code="F">HSG</subfield>
            <subfield code="c">BURON</subfield>
            <subfield code="j">PB 3060 -.55,2+2</subfield>
            <subfield code="z">55(1929):2</subfield>
         </datafield>
         <datafield tag="949" ind1=" " ind2=" ">
            <subfield code="B">IDSSG</subfield>
            <subfield code="F">HSG</subfield>
            <subfield code="c">BURON</subfield>
            <subfield code="j">PB 3060 -.55,3+2</subfield>
            <subfield code="z">55(1929):3</subfield>
         </datafield>
         <datafield tag="949" ind1=" " ind2=" ">
            <subfield code="B">IDSSG</subfield>
            <subfield code="F">HSG</subfield>
            <subfield code="c">BURON</subfield>
            <subfield code="j">PB 3060 -.56,1+2</subfield>
            <subfield code="z">56(1930):1</subfield>
         </datafield>
         <datafield tag="949" ind1=" " ind2=" ">
            <subfield code="B">IDSSG</subfield>
            <subfield code="F">HSG</subfield>
            <subfield code="c">BURON</subfield>
            <subfield code="j">PB 3060 -.56,2+2</subfield>
            <subfield code="z">56(1930):2</subfield>
         </datafield>
         <datafield tag="949" ind1=" " ind2=" ">
            <subfield code="B">IDSSG</subfield>
            <subfield code="F">HSG</subfield>
            <subfield code="c">BURON</subfield>
            <subfield code="j">PB 3060 -.56,3+2</subfield>
            <subfield code="z">56(1930):3</subfield>
         </datafield>
         <datafield tag="949" ind1=" " ind2=" ">
            <subfield code="B">IDSSG</subfield>
            <subfield code="F">HSG</subfield>
            <subfield code="c">BURON</subfield>
            <subfield code="j">PB 3060 -.57,1+2</subfield>
            <subfield code="z">57(1931):1</subfield>
         </datafield>
         <datafield tag="949" ind1=" " ind2=" ">
            <subfield code="B">IDSSG</subfield>
            <subfield code="F">HSG</subfield>
            <subfield code="c">BURON</subfield>
            <subfield code="j">PB 3060 -.57,2+2</subfield>
            <subfield code="z">57(1931):2</subfield>
         </datafield>
         <datafield tag="949" ind1=" " ind2=" ">
            <subfield code="B">IDSSG</subfield>
            <subfield code="F">HSG</subfield>
            <subfield code="c">BURON</subfield>
            <subfield code="j">PB 3060 -.57,3+2</subfield>
            <subfield code="z">57(1931):3</subfield>
         </datafield>
         <datafield tag="949" ind1=" " ind2=" ">
            <subfield code="B">IDSSG</subfield>
            <subfield code="F">HSG</subfield>
            <subfield code="c">BURON</subfield>
            <subfield code="j">PB 3060 -.58,1+2</subfield>
            <subfield code="z">58(1932):1</subfield>
         </datafield>
         <datafield tag="949" ind1=" " ind2=" ">
            <subfield code="B">IDSSG</subfield>
            <subfield code="F">HSG</subfield>
            <subfield code="c">BURON</subfield>
            <subfield code="j">PB 3060 -.58,2+2</subfield>
            <subfield code="z">58(1932):2</subfield>
         </datafield>
         <datafield tag="949" ind1=" " ind2=" ">
            <subfield code="B">IDSSG</subfield>
            <subfield code="F">HSG</subfield>
            <subfield code="c">BURON</subfield>
            <subfield code="j">PB 3060 -.58,3+2</subfield>
            <subfield code="z">58(1932):3</subfield>
         </datafield>
         <datafield tag="949" ind1=" " ind2=" ">
            <subfield code="B">IDSSG</subfield>
            <subfield code="F">HSG</subfield>
            <subfield code="c">BURON</subfield>
            <subfield code="j">PB 3060 -.59,1+2</subfield>
            <subfield code="z">59(1933):1</subfield>
         </datafield>
         <datafield tag="949" ind1=" " ind2=" ">
            <subfield code="B">IDSSG</subfield>
            <subfield code="F">HSG</subfield>
            <subfield code="c">BURON</subfield>
            <subfield code="j">PB 3060 -.59,2+2</subfield>
            <subfield code="z">59(1933):2</subfield>
         </datafield>
         <datafield tag="949" ind1=" " ind2=" ">
            <subfield code="B">IDSSG</subfield>
            <subfield code="F">HSG</subfield>
            <subfield code="c">BURON</subfield>
            <subfield code="j">PB 3060 -.59,3+2</subfield>
            <subfield code="z">59(1933):3</subfield>
         </datafield>
         <datafield tag="949" ind1=" " ind2=" ">
            <subfield code="B">IDSSG</subfield>
            <subfield code="F">HSG</subfield>
            <subfield code="c">BURON</subfield>
            <subfield code="j">PB 3060 -.60,1+2</subfield>
            <subfield code="z">60(1934):1</subfield>
         </datafield>
         <datafield tag="949" ind1=" " ind2=" ">
            <subfield code="B">IDSSG</subfield>
            <subfield code="F">HSG</subfield>
            <subfield code="c">BURON</subfield>
            <subfield code="j">PB 3060 -.60,2</subfield>
            <subfield code="z">60(1934):2</subfield>
         </datafield>
         <datafield tag="949" ind1=" " ind2=" ">
            <subfield code="B">IDSSG</subfield>
            <subfield code="F">HSG</subfield>
            <subfield code="c">BURON</subfield>
            <subfield code="j">PB 3060 -.60,3+2</subfield>
            <subfield code="z">60(1934):3</subfield>
         </datafield>
         <datafield tag="949" ind1=" " ind2=" ">
            <subfield code="B">IDSSG</subfield>
            <subfield code="F">HSG</subfield>
            <subfield code="c">BURON</subfield>
            <subfield code="j">PB 3060 -.61,1+2</subfield>
            <subfield code="z">61(1935):1</subfield>
         </datafield>
         <datafield tag="949" ind1=" " ind2=" ">
            <subfield code="B">IDSSG</subfield>
            <subfield code="F">HSG</subfield>
            <subfield code="c">BURON</subfield>
            <subfield code="j">PB 3060 -.61,2+2</subfield>
            <subfield code="z">61(1935):2</subfield>
         </datafield>
         <datafield tag="949" ind1=" " ind2=" ">
            <subfield code="B">IDSSG</subfield>
            <subfield code="F">HSG</subfield>
            <subfield code="c">BURON</subfield>
            <subfield code="j">PB 3060 -.61,3+2</subfield>
            <subfield code="z">61(1935):3</subfield>
         </datafield>
         <datafield tag="949" ind1=" " ind2=" ">
            <subfield code="B">IDSSG</subfield>
            <subfield code="F">HSG</subfield>
            <subfield code="c">BURON</subfield>
            <subfield code="j">PB 3060 -.62,1+2</subfield>
            <subfield code="z">62(1936):1</subfield>
         </datafield>
         <datafield tag="949" ind1=" " ind2=" ">
            <subfield code="B">IDSSG</subfield>
            <subfield code="F">HSG</subfield>
            <subfield code="c">BURON</subfield>
            <subfield code="j">PB 3060 -.62,2+2</subfield>
            <subfield code="z">62(1936):2</subfield>
         </datafield>
         <datafield tag="949" ind1=" " ind2=" ">
            <subfield code="B">IDSSG</subfield>
            <subfield code="F">HSG</subfield>
            <subfield code="c">BURON</subfield>
            <subfield code="j">PB 3060 -.62,3+2</subfield>
            <subfield code="z">62(1936):3</subfield>
         </datafield>
         <datafield tag="949" ind1=" " ind2=" ">
            <subfield code="B">IDSSG</subfield>
            <subfield code="F">HSG</subfield>
            <subfield code="c">BURON</subfield>
            <subfield code="j">PB 3060 -.63,1+2</subfield>
            <subfield code="z">63(1937):1</subfield>
         </datafield>
         <datafield tag="949" ind1=" " ind2=" ">
            <subfield code="B">IDSSG</subfield>
            <subfield code="F">HSG</subfield>
            <subfield code="c">BURON</subfield>
            <subfield code="j">PB 3060 -.63,2+2</subfield>
            <subfield code="z">63(1937):2</subfield>
         </datafield>
         <datafield tag="949" ind1=" " ind2=" ">
            <subfield code="B">IDSSG</subfield>
            <subfield code="F">HSG</subfield>
            <subfield code="c">BURON</subfield>
            <subfield code="j">PB 3060 -.63,3+2</subfield>
            <subfield code="z">63(1937):3</subfield>
         </datafield>
         <datafield tag="949" ind1=" " ind2=" ">
            <subfield code="B">IDSSG</subfield>
            <subfield code="F">HSG</subfield>
            <subfield code="c">BURON</subfield>
            <subfield code="j">PB 3060 -.64,1+2</subfield>
            <subfield code="z">64(1937):1</subfield>
         </datafield>
         <datafield tag="949" ind1=" " ind2=" ">
            <subfield code="B">IDSSG</subfield>
            <subfield code="F">HSG</subfield>
            <subfield code="c">BURON</subfield>
            <subfield code="j">PB 3060 -.64,2+2</subfield>
            <subfield code="z">64(1938):2</subfield>
         </datafield>
         <datafield tag="949" ind1=" " ind2=" ">
            <subfield code="B">IDSSG</subfield>
            <subfield code="F">HSG</subfield>
            <subfield code="c">BURON</subfield>
            <subfield code="j">PB 3060 -.64,3+2</subfield>
            <subfield code="z">64(1938):3</subfield>
         </datafield>
         <datafield tag="949" ind1=" " ind2=" ">
            <subfield code="B">IDSSG</subfield>
            <subfield code="F">HSG</subfield>
            <subfield code="c">BURON</subfield>
            <subfield code="j">PB 3060 -.65,1+2</subfield>
            <subfield code="z">65(1939):1</subfield>
         </datafield>
         <datafield tag="949" ind1=" " ind2=" ">
            <subfield code="B">IDSSG</subfield>
            <subfield code="F">HSG</subfield>
            <subfield code="c">BURON</subfield>
            <subfield code="j">PB 3060 -.65,2+2</subfield>
            <subfield code="z">65(1939):2</subfield>
         </datafield>
         <datafield tag="949" ind1=" " ind2=" ">
            <subfield code="B">IDSSG</subfield>
            <subfield code="F">HSG</subfield>
            <subfield code="c">BURON</subfield>
            <subfield code="j">PB 3060 -.65,3+2</subfield>
            <subfield code="z">65(1939):3</subfield>
         </datafield>
         <datafield tag="949" ind1=" " ind2=" ">
            <subfield code="B">IDSSG</subfield>
            <subfield code="F">HSG</subfield>
            <subfield code="c">BURON</subfield>
            <subfield code="j">PB 3060 -.66,1+2</subfield>
            <subfield code="z">66(1940):1</subfield>
         </datafield>
         <datafield tag="949" ind1=" " ind2=" ">
            <subfield code="B">IDSSG</subfield>
            <subfield code="F">HSG</subfield>
            <subfield code="c">BURON</subfield>
            <subfield code="j">PB 3060 -.66,2+2</subfield>
            <subfield code="z">66(1940):2</subfield>
         </datafield>
         <datafield tag="949" ind1=" " ind2=" ">
            <subfield code="B">IDSSG</subfield>
            <subfield code="F">HSG</subfield>
            <subfield code="c">BURON</subfield>
            <subfield code="j">PB 3060 -.66,3+2</subfield>
            <subfield code="z">66(1940):3</subfield>
         </datafield>
         <datafield tag="949" ind1=" " ind2=" ">
            <subfield code="B">IDSSG</subfield>
            <subfield code="F">HSG</subfield>
            <subfield code="c">BURON</subfield>
            <subfield code="j">PB 3060 -.67,1+2</subfield>
            <subfield code="z">67(1941):1</subfield>
         </datafield>
         <datafield tag="949" ind1=" " ind2=" ">
            <subfield code="B">IDSSG</subfield>
            <subfield code="F">HSG</subfield>
            <subfield code="c">BURON</subfield>
            <subfield code="j">PB 3060 -.67,2+2</subfield>
            <subfield code="z">67(1941):2</subfield>
         </datafield>
         <datafield tag="949" ind1=" " ind2=" ">
            <subfield code="B">IDSSG</subfield>
            <subfield code="F">HSG</subfield>
            <subfield code="c">BURON</subfield>
            <subfield code="j">PB 3060 -.67,3+2</subfield>
            <subfield code="z">67(1941):3</subfield>
         </datafield>
         <datafield tag="949" ind1=" " ind2=" ">
            <subfield code="B">IDSSG</subfield>
            <subfield code="F">HSG</subfield>
            <subfield code="c">BURON</subfield>
            <subfield code="j">PB 3060 -.68,1+3</subfield>
            <subfield code="z">68(1942):1</subfield>
         </datafield>
         <datafield tag="949" ind1=" " ind2=" ">
            <subfield code="B">IDSSG</subfield>
            <subfield code="F">HSG</subfield>
            <subfield code="c">BURON</subfield>
            <subfield code="j">PB 3060 -.68,2</subfield>
            <subfield code="z">68(1942):2</subfield>
         </datafield>
         <datafield tag="949" ind1=" " ind2=" ">
            <subfield code="B">IDSSG</subfield>
            <subfield code="F">HSG</subfield>
            <subfield code="c">BURON</subfield>
            <subfield code="j">PB 3060 -.68,3+3</subfield>
            <subfield code="z">68(1942):3</subfield>
         </datafield>
         <datafield tag="949" ind1=" " ind2=" ">
            <subfield code="B">IDSSG</subfield>
            <subfield code="F">HSG</subfield>
            <subfield code="c">BURON</subfield>
            <subfield code="j">PB 3060 -.68,4+2</subfield>
            <subfield code="z">68(1942):4</subfield>
         </datafield>
         <datafield tag="949" ind1=" " ind2=" ">
            <subfield code="B">IDSSG</subfield>
            <subfield code="F">HSG</subfield>
            <subfield code="c">BURON</subfield>
            <subfield code="j">PB 3060 -.69,1+2</subfield>
            <subfield code="z">69(1943):1</subfield>
         </datafield>
         <datafield tag="949" ind1=" " ind2=" ">
            <subfield code="B">IDSSG</subfield>
            <subfield code="F">HSG</subfield>
            <subfield code="c">BURON</subfield>
            <subfield code="j">PB 3060 -.69,2+2</subfield>
            <subfield code="z">69(1943):2</subfield>
         </datafield>
         <datafield tag="949" ind1=" " ind2=" ">
            <subfield code="B">IDSSG</subfield>
            <subfield code="F">HSG</subfield>
            <subfield code="c">BURON</subfield>
            <subfield code="j">PB 3060 -.69,3+2</subfield>
            <subfield code="z">69(1943):3</subfield>
         </datafield>
         <datafield tag="949" ind1=" " ind2=" ">
            <subfield code="B">IDSSG</subfield>
            <subfield code="F">HSG</subfield>
            <subfield code="c">BURON</subfield>
            <subfield code="j">PB 3060 -.69,4</subfield>
            <subfield code="z">69(1943):4</subfield>
         </datafield>
         <datafield tag="949" ind1=" " ind2=" ">
            <subfield code="B">IDSSG</subfield>
            <subfield code="F">HSG</subfield>
            <subfield code="c">BURON</subfield>
            <subfield code="j">PB 3060 -.70,1</subfield>
            <subfield code="z">70(1944):1</subfield>
         </datafield>
         <datafield tag="949" ind1=" " ind2=" ">
            <subfield code="B">IDSSG</subfield>
            <subfield code="F">HSG</subfield>
            <subfield code="c">BURON</subfield>
            <subfield code="j">PB 3060 -.70,2</subfield>
            <subfield code="z">70(1944):2</subfield>
         </datafield>
         <datafield tag="949" ind1=" " ind2=" ">
            <subfield code="B">IDSSG</subfield>
            <subfield code="F">HSG</subfield>
            <subfield code="c">BURON</subfield>
            <subfield code="j">PB 3060 -.70,3+3</subfield>
            <subfield code="z">70(1944):3</subfield>
         </datafield>
         <datafield tag="949" ind1=" " ind2=" ">
            <subfield code="B">IDSSG</subfield>
            <subfield code="F">HSG</subfield>
            <subfield code="c">BURON</subfield>
            <subfield code="j">PB 3060 -.70,4+2</subfield>
            <subfield code="z">70(1944):4</subfield>
         </datafield>
         <datafield tag="949" ind1=" " ind2=" ">
            <subfield code="B">IDSSG</subfield>
            <subfield code="F">HSG</subfield>
            <subfield code="c">BURON</subfield>
            <subfield code="j">PB 3060 -.71,1+3</subfield>
            <subfield code="z">71(1945):1</subfield>
         </datafield>
         <datafield tag="949" ind1=" " ind2=" ">
            <subfield code="B">IDSSG</subfield>
            <subfield code="F">HSG</subfield>
            <subfield code="c">BURON</subfield>
            <subfield code="j">PB 3060 -.71,2+2</subfield>
            <subfield code="z">71(1945):2</subfield>
         </datafield>
         <datafield tag="949" ind1=" " ind2=" ">
            <subfield code="B">IDSSG</subfield>
            <subfield code="F">HSG</subfield>
            <subfield code="c">BURON</subfield>
            <subfield code="j">PB 3060 -.71,3+3</subfield>
            <subfield code="z">71(1945):3</subfield>
         </datafield>
         <datafield tag="949" ind1=" " ind2=" ">
            <subfield code="B">IDSSG</subfield>
            <subfield code="F">HSG</subfield>
            <subfield code="c">BURON</subfield>
            <subfield code="j">PB 3060 -.71,4+3</subfield>
            <subfield code="z">71(1945):4</subfield>
         </datafield>
         <datafield tag="949" ind1=" " ind2=" ">
            <subfield code="B">IDSSG</subfield>
            <subfield code="F">HSG</subfield>
            <subfield code="c">BURON</subfield>
            <subfield code="j">PB 3060 -.72,1</subfield>
            <subfield code="z">72(1946):1</subfield>
         </datafield>
         <datafield tag="949" ind1=" " ind2=" ">
            <subfield code="B">IDSSG</subfield>
            <subfield code="F">HSG</subfield>
            <subfield code="c">BURON</subfield>
            <subfield code="j">PB 3060 -.72,2+3</subfield>
            <subfield code="z">72(1946):2</subfield>
         </datafield>
         <datafield tag="949" ind1=" " ind2=" ">
            <subfield code="B">IDSSG</subfield>
            <subfield code="F">HSG</subfield>
            <subfield code="c">BURON</subfield>
            <subfield code="j">PB 3060 -.72,3+2</subfield>
            <subfield code="z">72(1946):3</subfield>
         </datafield>
         <datafield tag="949" ind1=" " ind2=" ">
            <subfield code="B">IDSSG</subfield>
            <subfield code="F">HSG</subfield>
            <subfield code="c">BURON</subfield>
            <subfield code="j">PB 3060 -.72,4+2</subfield>
            <subfield code="z">72(1946):4</subfield>
         </datafield>
         <datafield tag="949" ind1=" " ind2=" ">
            <subfield code="B">IDSSG</subfield>
            <subfield code="F">HSG</subfield>
            <subfield code="c">BURON</subfield>
            <subfield code="j">PB 3060 -.73,1+3</subfield>
            <subfield code="z">73(1947):1</subfield>
         </datafield>
         <datafield tag="949" ind1=" " ind2=" ">
            <subfield code="B">IDSSG</subfield>
            <subfield code="F">HSG</subfield>
            <subfield code="c">BURON</subfield>
            <subfield code="j">PB 3060 -.73,2</subfield>
            <subfield code="z">73(1947):2</subfield>
         </datafield>
         <datafield tag="949" ind1=" " ind2=" ">
            <subfield code="B">IDSSG</subfield>
            <subfield code="F">HSG</subfield>
            <subfield code="c">BURON</subfield>
            <subfield code="j">PB 3060 -.73,3+2</subfield>
            <subfield code="z">73(1947):3</subfield>
         </datafield>
         <datafield tag="949" ind1=" " ind2=" ">
            <subfield code="B">IDSSG</subfield>
            <subfield code="F">HSG</subfield>
            <subfield code="c">BURON</subfield>
            <subfield code="j">PB 3060 -.73,4+2</subfield>
            <subfield code="z">73(1947):4</subfield>
         </datafield>
         <datafield tag="949" ind1=" " ind2=" ">
            <subfield code="B">IDSSG</subfield>
            <subfield code="F">HSG</subfield>
            <subfield code="c">BURON</subfield>
            <subfield code="j">PB 3060 -.74,1+3</subfield>
            <subfield code="z">74(1948):1</subfield>
         </datafield>
         <datafield tag="949" ind1=" " ind2=" ">
            <subfield code="B">IDSSG</subfield>
            <subfield code="F">HSG</subfield>
            <subfield code="c">BURON</subfield>
            <subfield code="j">PB 3060 -.74,2</subfield>
            <subfield code="z">74(1948):2</subfield>
         </datafield>
         <datafield tag="949" ind1=" " ind2=" ">
            <subfield code="B">IDSSG</subfield>
            <subfield code="F">HSG</subfield>
            <subfield code="c">BURON</subfield>
            <subfield code="j">PB 3060 -.74,3</subfield>
            <subfield code="z">74(1948):3</subfield>
         </datafield>
         <datafield tag="949" ind1=" " ind2=" ">
            <subfield code="B">IDSSG</subfield>
            <subfield code="F">HSG</subfield>
            <subfield code="c">BURON</subfield>
            <subfield code="j">PB 3060 -.74,4+3</subfield>
            <subfield code="z">74(1948):4</subfield>
         </datafield>
         <datafield tag="949" ind1=" " ind2=" ">
            <subfield code="B">IDSSG</subfield>
            <subfield code="F">HSG</subfield>
            <subfield code="c">BURON</subfield>
            <subfield code="j">PB 3060 -.75,1+2</subfield>
            <subfield code="z">75(1949):1</subfield>
         </datafield>
         <datafield tag="949" ind1=" " ind2=" ">
            <subfield code="B">IDSSG</subfield>
            <subfield code="F">HSG</subfield>
            <subfield code="c">BURON</subfield>
            <subfield code="j">PB 3060 -.75,2+3</subfield>
            <subfield code="z">75(1949):2</subfield>
         </datafield>
         <datafield tag="949" ind1=" " ind2=" ">
            <subfield code="B">IDSSG</subfield>
            <subfield code="F">HSG</subfield>
            <subfield code="c">BURON</subfield>
            <subfield code="j">PB 3060 -.75,3+3</subfield>
            <subfield code="z">75(1949):3</subfield>
         </datafield>
         <datafield tag="949" ind1=" " ind2=" ">
            <subfield code="B">IDSSG</subfield>
            <subfield code="F">HSG</subfield>
            <subfield code="c">BURON</subfield>
            <subfield code="j">PB 3060 -.75,4+2</subfield>
            <subfield code="z">75(1949):4</subfield>
         </datafield>
         <datafield tag="949" ind1=" " ind2=" ">
            <subfield code="B">IDSSG</subfield>
            <subfield code="F">HSG</subfield>
            <subfield code="c">BURON</subfield>
            <subfield code="j">PB 3060 -.76,1+2</subfield>
            <subfield code="z">76(1950):1</subfield>
         </datafield>
         <datafield tag="949" ind1=" " ind2=" ">
            <subfield code="B">IDSSG</subfield>
            <subfield code="F">HSG</subfield>
            <subfield code="c">BURON</subfield>
            <subfield code="j">PB 3060 -.76,2</subfield>
            <subfield code="z">76(1950):2</subfield>
         </datafield>
         <datafield tag="949" ind1=" " ind2=" ">
            <subfield code="B">IDSSG</subfield>
            <subfield code="F">HSG</subfield>
            <subfield code="c">BURON</subfield>
            <subfield code="j">PB 3060 -.76,3</subfield>
            <subfield code="z">76(1950):3</subfield>
         </datafield>
         <datafield tag="949" ind1=" " ind2=" ">
            <subfield code="B">IDSSG</subfield>
            <subfield code="F">HSG</subfield>
            <subfield code="c">BURON</subfield>
            <subfield code="j">PB 3060 -.76,4+3</subfield>
            <subfield code="z">76(1950):4</subfield>
         </datafield>
         <datafield tag="949" ind1=" " ind2=" ">
            <subfield code="B">IDSSG</subfield>
            <subfield code="F">HSG</subfield>
            <subfield code="c">BURON</subfield>
            <subfield code="j">PB 3060 -.77,1+2</subfield>
            <subfield code="z">77(1951):1</subfield>
         </datafield>
         <datafield tag="949" ind1=" " ind2=" ">
            <subfield code="B">IDSSG</subfield>
            <subfield code="F">HSG</subfield>
            <subfield code="c">BURON</subfield>
            <subfield code="j">PB 3060 -.77,2+2</subfield>
            <subfield code="z">77(1951):2</subfield>
         </datafield>
         <datafield tag="949" ind1=" " ind2=" ">
            <subfield code="B">IDSSG</subfield>
            <subfield code="F">HSG</subfield>
            <subfield code="c">BURON</subfield>
            <subfield code="j">PB 3060 -.77,3+2</subfield>
            <subfield code="z">77(1951):3</subfield>
         </datafield>
         <datafield tag="949" ind1=" " ind2=" ">
            <subfield code="B">IDSSG</subfield>
            <subfield code="F">HSG</subfield>
            <subfield code="c">BURON</subfield>
            <subfield code="j">PB 3060 -.77,4+2</subfield>
            <subfield code="z">77(1951):4</subfield>
         </datafield>
         <datafield tag="949" ind1=" " ind2=" ">
            <subfield code="B">IDSSG</subfield>
            <subfield code="F">HSG</subfield>
            <subfield code="c">BURON</subfield>
            <subfield code="j">PB 3060 -.78,1</subfield>
            <subfield code="z">78(1952):1</subfield>
         </datafield>
         <datafield tag="949" ind1=" " ind2=" ">
            <subfield code="B">IDSSG</subfield>
            <subfield code="F">HSG</subfield>
            <subfield code="c">BURON</subfield>
            <subfield code="j">PB 3060 -.78,2</subfield>
            <subfield code="z">78(1952):2</subfield>
         </datafield>
         <datafield tag="949" ind1=" " ind2=" ">
            <subfield code="B">IDSSG</subfield>
            <subfield code="F">HSG</subfield>
            <subfield code="c">BURON</subfield>
            <subfield code="j">PB 3060 -.78,3</subfield>
            <subfield code="z">78(1952):3</subfield>
         </datafield>
         <datafield tag="949" ind1=" " ind2=" ">
            <subfield code="B">IDSSG</subfield>
            <subfield code="F">HSG</subfield>
            <subfield code="c">BURON</subfield>
            <subfield code="j">PB 3060 -.78,4</subfield>
            <subfield code="z">78(1952):4</subfield>
         </datafield>
         <datafield tag="949" ind1=" " ind2=" ">
            <subfield code="B">IDSSG</subfield>
            <subfield code="F">HSG</subfield>
            <subfield code="c">BURON</subfield>
            <subfield code="j">PB 3060 -.79,1+3</subfield>
            <subfield code="z">79(1953):1</subfield>
         </datafield>
         <datafield tag="949" ind1=" " ind2=" ">
            <subfield code="B">IDSSG</subfield>
            <subfield code="F">HSG</subfield>
            <subfield code="c">BURON</subfield>
            <subfield code="j">PB 3060 -.79,2</subfield>
            <subfield code="z">79(1953):2</subfield>
         </datafield>
         <datafield tag="949" ind1=" " ind2=" ">
            <subfield code="B">IDSSG</subfield>
            <subfield code="F">HSG</subfield>
            <subfield code="c">BURON</subfield>
            <subfield code="j">PB 3060 -.79,3+3</subfield>
            <subfield code="z">79(1953):3</subfield>
         </datafield>
         <datafield tag="949" ind1=" " ind2=" ">
            <subfield code="B">IDSSG</subfield>
            <subfield code="F">HSG</subfield>
            <subfield code="c">BURON</subfield>
            <subfield code="j">PB 3060 -.79,4</subfield>
            <subfield code="z">79(1953):4</subfield>
         </datafield>
         <datafield tag="949" ind1=" " ind2=" ">
            <subfield code="B">IDSSG</subfield>
            <subfield code="F">HSG</subfield>
            <subfield code="c">BURON</subfield>
            <subfield code="j">PB 3060 -.80,1</subfield>
            <subfield code="z">80(1954):1</subfield>
         </datafield>
         <datafield tag="949" ind1=" " ind2=" ">
            <subfield code="B">IDSSG</subfield>
            <subfield code="F">HSG</subfield>
            <subfield code="c">BURON</subfield>
            <subfield code="j">PB 3060 -.80,2+3</subfield>
            <subfield code="z">80(1954):2</subfield>
         </datafield>
         <datafield tag="949" ind1=" " ind2=" ">
            <subfield code="B">IDSSG</subfield>
            <subfield code="F">HSG</subfield>
            <subfield code="c">BURON</subfield>
            <subfield code="j">PB 3060 -.80,3+3</subfield>
            <subfield code="z">80(1954):3</subfield>
         </datafield>
         <datafield tag="949" ind1=" " ind2=" ">
            <subfield code="B">IDSSG</subfield>
            <subfield code="F">HSG</subfield>
            <subfield code="c">BURON</subfield>
            <subfield code="j">PB 3060 -.80,4+2</subfield>
            <subfield code="z">80(1954):4</subfield>
         </datafield>
         <datafield tag="949" ind1=" " ind2=" ">
            <subfield code="B">IDSSG</subfield>
            <subfield code="F">HSG</subfield>
            <subfield code="c">BURON</subfield>
            <subfield code="j">PB 3060 -.81,1+2</subfield>
            <subfield code="z">81(1955):1</subfield>
         </datafield>
         <datafield tag="949" ind1=" " ind2=" ">
            <subfield code="B">IDSSG</subfield>
            <subfield code="F">HSG</subfield>
            <subfield code="c">BURON</subfield>
            <subfield code="j">PB 3060 -.81,2+2</subfield>
            <subfield code="z">81(1955):2</subfield>
         </datafield>
         <datafield tag="949" ind1=" " ind2=" ">
            <subfield code="B">IDSSG</subfield>
            <subfield code="F">HSG</subfield>
            <subfield code="c">BURON</subfield>
            <subfield code="j">PB 3060 -.81,3</subfield>
            <subfield code="z">81(1955):3</subfield>
         </datafield>
         <datafield tag="949" ind1=" " ind2=" ">
            <subfield code="B">IDSSG</subfield>
            <subfield code="F">HSG</subfield>
            <subfield code="c">BURON</subfield>
            <subfield code="j">PB 3060 -.81,4+2</subfield>
            <subfield code="z">81(1955):4</subfield>
         </datafield>
         <datafield tag="949" ind1=" " ind2=" ">
            <subfield code="B">IDSSG</subfield>
            <subfield code="F">HSG</subfield>
            <subfield code="c">BURON</subfield>
            <subfield code="j">PB 3060 -.82,1+3</subfield>
            <subfield code="z">82(1956):1</subfield>
         </datafield>
         <datafield tag="949" ind1=" " ind2=" ">
            <subfield code="B">IDSSG</subfield>
            <subfield code="F">HSG</subfield>
            <subfield code="c">BURON</subfield>
            <subfield code="j">PB 3060 -.82,2+2</subfield>
            <subfield code="z">82(1956):2</subfield>
         </datafield>
         <datafield tag="949" ind1=" " ind2=" ">
            <subfield code="B">IDSSG</subfield>
            <subfield code="F">HSG</subfield>
            <subfield code="c">BURON</subfield>
            <subfield code="j">PB 3060 -.82,3+2</subfield>
            <subfield code="z">82(1956):3</subfield>
         </datafield>
         <datafield tag="949" ind1=" " ind2=" ">
            <subfield code="B">IDSSG</subfield>
            <subfield code="F">HSG</subfield>
            <subfield code="c">BURON</subfield>
            <subfield code="j">PB 3060 -.82,4+3</subfield>
            <subfield code="z">82(1956):4</subfield>
         </datafield>
         <datafield tag="949" ind1=" " ind2=" ">
            <subfield code="B">IDSSG</subfield>
            <subfield code="F">HSG</subfield>
            <subfield code="c">BURON</subfield>
            <subfield code="j">PB 3060 -.83,1</subfield>
            <subfield code="z">83(1957):1</subfield>
         </datafield>
         <datafield tag="949" ind1=" " ind2=" ">
            <subfield code="B">IDSSG</subfield>
            <subfield code="F">HSG</subfield>
            <subfield code="c">BURON</subfield>
            <subfield code="j">PB 3060 -.83,2+2</subfield>
            <subfield code="z">83(1957):2</subfield>
         </datafield>
         <datafield tag="949" ind1=" " ind2=" ">
            <subfield code="B">IDSSG</subfield>
            <subfield code="F">HSG</subfield>
            <subfield code="c">BURON</subfield>
            <subfield code="j">PB 3060 -.83,3+3</subfield>
            <subfield code="z">83(1957):3</subfield>
         </datafield>
         <datafield tag="949" ind1=" " ind2=" ">
            <subfield code="B">IDSSG</subfield>
            <subfield code="F">HSG</subfield>
            <subfield code="c">BURON</subfield>
            <subfield code="j">PB 3060 -.83,4+3</subfield>
            <subfield code="z">83(1957):4</subfield>
         </datafield>
         <datafield tag="949" ind1=" " ind2=" ">
            <subfield code="B">IDSSG</subfield>
            <subfield code="F">HSG</subfield>
            <subfield code="c">BURON</subfield>
            <subfield code="j">PB 3060 -.84,1+2</subfield>
            <subfield code="z">84(1958):1</subfield>
         </datafield>
         <datafield tag="949" ind1=" " ind2=" ">
            <subfield code="B">IDSSG</subfield>
            <subfield code="F">HSG</subfield>
            <subfield code="c">BURON</subfield>
            <subfield code="j">PB 3060 -.84,2</subfield>
            <subfield code="z">84(1958):2</subfield>
         </datafield>
         <datafield tag="949" ind1=" " ind2=" ">
            <subfield code="B">IDSSG</subfield>
            <subfield code="F">HSG</subfield>
            <subfield code="c">BURON</subfield>
            <subfield code="j">PB 3060 -.84,3+3</subfield>
            <subfield code="z">84(1958):3</subfield>
         </datafield>
         <datafield tag="949" ind1=" " ind2=" ">
            <subfield code="B">IDSSG</subfield>
            <subfield code="F">HSG</subfield>
            <subfield code="c">BURON</subfield>
            <subfield code="j">PB 3060 -.84,4+3</subfield>
            <subfield code="z">84(1958):4</subfield>
         </datafield>
         <datafield tag="949" ind1=" " ind2=" ">
            <subfield code="B">IDSSG</subfield>
            <subfield code="F">HSG</subfield>
            <subfield code="c">BURON</subfield>
            <subfield code="j">PB 3060 -.85,1+3</subfield>
            <subfield code="z">85(1959):1</subfield>
         </datafield>
         <datafield tag="949" ind1=" " ind2=" ">
            <subfield code="B">IDSSG</subfield>
            <subfield code="F">HSG</subfield>
            <subfield code="c">BURON</subfield>
            <subfield code="j">PB 3060 -.85,2</subfield>
            <subfield code="z">85(1959):2</subfield>
         </datafield>
         <datafield tag="949" ind1=" " ind2=" ">
            <subfield code="B">IDSSG</subfield>
            <subfield code="F">HSG</subfield>
            <subfield code="c">BURON</subfield>
            <subfield code="j">PB 3060 -.85,3</subfield>
            <subfield code="z">85(1959):3</subfield>
         </datafield>
         <datafield tag="949" ind1=" " ind2=" ">
            <subfield code="B">IDSSG</subfield>
            <subfield code="F">HSG</subfield>
            <subfield code="c">BURON</subfield>
            <subfield code="j">PB 3060 -.85,4</subfield>
            <subfield code="z">85(1959):4</subfield>
         </datafield>
         <datafield tag="949" ind1=" " ind2=" ">
            <subfield code="B">IDSSG</subfield>
            <subfield code="F">HSG</subfield>
            <subfield code="c">BURON</subfield>
            <subfield code="j">PB 3060 -.86,1+2</subfield>
            <subfield code="z">86(1960):1</subfield>
         </datafield>
         <datafield tag="949" ind1=" " ind2=" ">
            <subfield code="B">IDSSG</subfield>
            <subfield code="F">HSG</subfield>
            <subfield code="c">BURON</subfield>
            <subfield code="j">PB 3060 -.86,2+2</subfield>
            <subfield code="z">86(1960):2</subfield>
         </datafield>
         <datafield tag="949" ind1=" " ind2=" ">
            <subfield code="B">IDSSG</subfield>
            <subfield code="F">HSG</subfield>
            <subfield code="c">BURON</subfield>
            <subfield code="j">PB 3060 -.86,3</subfield>
            <subfield code="z">86(1960):3</subfield>
         </datafield>
         <datafield tag="949" ind1=" " ind2=" ">
            <subfield code="B">IDSSG</subfield>
            <subfield code="F">HSG</subfield>
            <subfield code="c">BURON</subfield>
            <subfield code="j">PB 3060 -.86,4+2</subfield>
            <subfield code="z">86(1960):4</subfield>
         </datafield>
         <datafield tag="949" ind1=" " ind2=" ">
            <subfield code="B">IDSSG</subfield>
            <subfield code="F">HSG</subfield>
            <subfield code="c">BURON</subfield>
            <subfield code="j">PB 3060 -.87,1</subfield>
            <subfield code="z">87(1961):1</subfield>
         </datafield>
         <datafield tag="949" ind1=" " ind2=" ">
            <subfield code="B">IDSSG</subfield>
            <subfield code="F">HSG</subfield>
            <subfield code="c">BURON</subfield>
            <subfield code="j">PB 3060 -.87,2+4</subfield>
            <subfield code="z">87(1961):2</subfield>
         </datafield>
         <datafield tag="949" ind1=" " ind2=" ">
            <subfield code="B">IDSSG</subfield>
            <subfield code="F">HSG</subfield>
            <subfield code="c">BURON</subfield>
            <subfield code="j">PB 3060 -.87,3</subfield>
            <subfield code="z">87(1961):3</subfield>
         </datafield>
         <datafield tag="949" ind1=" " ind2=" ">
            <subfield code="B">IDSSG</subfield>
            <subfield code="F">HSG</subfield>
            <subfield code="c">BURON</subfield>
            <subfield code="j">PB 3060 -.87,4</subfield>
            <subfield code="z">87(1961):4</subfield>
         </datafield>
         <datafield tag="949" ind1=" " ind2=" ">
            <subfield code="B">IDSSG</subfield>
            <subfield code="F">HSG</subfield>
            <subfield code="c">BURON</subfield>
            <subfield code="j">PB 3060 -.88,1+3</subfield>
            <subfield code="z">88(1962):1</subfield>
         </datafield>
         <datafield tag="949" ind1=" " ind2=" ">
            <subfield code="B">IDSSG</subfield>
            <subfield code="F">HSG</subfield>
            <subfield code="c">BURON</subfield>
            <subfield code="j">PB 3060 -.88,2+2</subfield>
            <subfield code="z">88(1962):2</subfield>
         </datafield>
         <datafield tag="949" ind1=" " ind2=" ">
            <subfield code="B">IDSSG</subfield>
            <subfield code="F">HSG</subfield>
            <subfield code="c">BURON</subfield>
            <subfield code="j">PB 3060 -.88,3+3</subfield>
            <subfield code="z">88(1962):3</subfield>
         </datafield>
         <datafield tag="949" ind1=" " ind2=" ">
            <subfield code="B">IDSSG</subfield>
            <subfield code="F">HSG</subfield>
            <subfield code="c">BURON</subfield>
            <subfield code="j">PB 3060 -.88,4+3</subfield>
            <subfield code="z">88(1962):4</subfield>
         </datafield>
         <datafield tag="949" ind1=" " ind2=" ">
            <subfield code="B">IDSSG</subfield>
            <subfield code="F">HSG</subfield>
            <subfield code="c">BURON</subfield>
            <subfield code="j">PB 3060 -.89,1+2</subfield>
            <subfield code="z">89(1963):1</subfield>
         </datafield>
         <datafield tag="949" ind1=" " ind2=" ">
            <subfield code="B">IDSSG</subfield>
            <subfield code="F">HSG</subfield>
            <subfield code="c">BURON</subfield>
            <subfield code="j">PB 3060 -.89,2</subfield>
            <subfield code="z">89(1963):2</subfield>
         </datafield>
         <datafield tag="949" ind1=" " ind2=" ">
            <subfield code="B">IDSSG</subfield>
            <subfield code="F">HSG</subfield>
            <subfield code="c">BURON</subfield>
            <subfield code="j">PB 3060 -.89,3</subfield>
            <subfield code="z">89(1963):3</subfield>
         </datafield>
         <datafield tag="949" ind1=" " ind2=" ">
            <subfield code="B">IDSSG</subfield>
            <subfield code="F">HSG</subfield>
            <subfield code="c">BURON</subfield>
            <subfield code="j">PB 3060 -.89,4+3</subfield>
            <subfield code="z">89(1963):4</subfield>
         </datafield>
         <datafield tag="949" ind1=" " ind2=" ">
            <subfield code="B">IDSSG</subfield>
            <subfield code="F">HSG</subfield>
            <subfield code="c">BURON</subfield>
            <subfield code="j">PB 3060 -.90,1+3</subfield>
            <subfield code="z">90(1964):1</subfield>
         </datafield>
         <datafield tag="949" ind1=" " ind2=" ">
            <subfield code="B">IDSSG</subfield>
            <subfield code="F">HSG</subfield>
            <subfield code="c">BURON</subfield>
            <subfield code="j">PB 3060 -.90,2+3</subfield>
            <subfield code="z">90(1964):2</subfield>
         </datafield>
         <datafield tag="949" ind1=" " ind2=" ">
            <subfield code="B">IDSSG</subfield>
            <subfield code="F">HSG</subfield>
            <subfield code="c">BURON</subfield>
            <subfield code="j">PB 3060 -.90,3+2</subfield>
            <subfield code="z">90(1965):3</subfield>
         </datafield>
         <datafield tag="949" ind1=" " ind2=" ">
            <subfield code="B">IDSSG</subfield>
            <subfield code="F">HSG</subfield>
            <subfield code="c">BURON</subfield>
            <subfield code="j">PB 3060 -.90,4+3</subfield>
            <subfield code="z">90(1965):4</subfield>
         </datafield>
         <datafield tag="949" ind1=" " ind2=" ">
            <subfield code="B">IDSSG</subfield>
            <subfield code="F">HSG</subfield>
            <subfield code="c">BURON</subfield>
            <subfield code="j">PB 3060 -.91,1</subfield>
            <subfield code="z">91(1965):1</subfield>
         </datafield>
         <datafield tag="949" ind1=" " ind2=" ">
            <subfield code="B">IDSSG</subfield>
            <subfield code="F">HSG</subfield>
            <subfield code="c">BURON</subfield>
            <subfield code="j">PB 3060 -.91,2+2</subfield>
            <subfield code="z">91(1965):2</subfield>
         </datafield>
         <datafield tag="949" ind1=" " ind2=" ">
            <subfield code="B">IDSSG</subfield>
            <subfield code="F">HSG</subfield>
            <subfield code="c">BURON</subfield>
            <subfield code="j">PB 3060 -.91,3+2</subfield>
            <subfield code="z">91(1965):3</subfield>
         </datafield>
         <datafield tag="949" ind1=" " ind2=" ">
            <subfield code="B">IDSSG</subfield>
            <subfield code="F">HSG</subfield>
            <subfield code="c">BURON</subfield>
            <subfield code="j">PB 3060 -.91,4+2</subfield>
            <subfield code="z">91(1965):4</subfield>
         </datafield>
         <datafield tag="949" ind1=" " ind2=" ">
            <subfield code="B">IDSSG</subfield>
            <subfield code="F">HSG</subfield>
            <subfield code="c">BURON</subfield>
            <subfield code="j">PB 3060 -.92,1+2</subfield>
            <subfield code="z">92(1966):1</subfield>
         </datafield>
         <datafield tag="949" ind1=" " ind2=" ">
            <subfield code="B">IDSSG</subfield>
            <subfield code="F">HSG</subfield>
            <subfield code="c">BURON</subfield>
            <subfield code="j">PB 3060 -.92,2</subfield>
            <subfield code="z">92(1966):2</subfield>
         </datafield>
         <datafield tag="949" ind1=" " ind2=" ">
            <subfield code="B">IDSSG</subfield>
            <subfield code="F">HSG</subfield>
            <subfield code="c">BURON</subfield>
            <subfield code="j">PB 3060 -.92,3</subfield>
            <subfield code="z">92(1966):3</subfield>
         </datafield>
         <datafield tag="949" ind1=" " ind2=" ">
            <subfield code="B">IDSSG</subfield>
            <subfield code="F">HSG</subfield>
            <subfield code="c">BURON</subfield>
            <subfield code="j">PB 3060 -.92,4</subfield>
            <subfield code="z">92(1966):4</subfield>
         </datafield>
         <datafield tag="949" ind1=" " ind2=" ">
            <subfield code="B">IDSSG</subfield>
            <subfield code="F">HSG</subfield>
            <subfield code="c">BURON</subfield>
            <subfield code="j">PB 3060 -.93,1</subfield>
            <subfield code="z">93(1967):1</subfield>
         </datafield>
         <datafield tag="949" ind1=" " ind2=" ">
            <subfield code="B">IDSSG</subfield>
            <subfield code="F">HSG</subfield>
            <subfield code="c">BURON</subfield>
            <subfield code="j">PB 3060 -.93,2</subfield>
            <subfield code="z">93(1967):2</subfield>
         </datafield>
         <datafield tag="949" ind1=" " ind2=" ">
            <subfield code="B">IDSSG</subfield>
            <subfield code="F">HSG</subfield>
            <subfield code="c">BURON</subfield>
            <subfield code="j">PB 3060 -.93,3+3</subfield>
            <subfield code="z">93(1967):3</subfield>
         </datafield>
         <datafield tag="949" ind1=" " ind2=" ">
            <subfield code="B">IDSSG</subfield>
            <subfield code="F">HSG</subfield>
            <subfield code="c">BURON</subfield>
            <subfield code="j">PB 3060 -.93,4</subfield>
            <subfield code="z">93(1967):4</subfield>
         </datafield>
         <datafield tag="949" ind1=" " ind2=" ">
            <subfield code="B">IDSSG</subfield>
            <subfield code="F">HSG</subfield>
            <subfield code="c">BURON</subfield>
            <subfield code="j">PB 3060 -.94,1</subfield>
            <subfield code="z">94(1968):1</subfield>
         </datafield>
         <datafield tag="949" ind1=" " ind2=" ">
            <subfield code="B">IDSSG</subfield>
            <subfield code="F">HSG</subfield>
            <subfield code="c">BURON</subfield>
            <subfield code="j">PB 3060 -.94,2+4</subfield>
            <subfield code="z">94(1968):2</subfield>
         </datafield>
         <datafield tag="949" ind1=" " ind2=" ">
            <subfield code="B">IDSSG</subfield>
            <subfield code="F">HSG</subfield>
            <subfield code="c">BURON</subfield>
            <subfield code="j">PB 3060 -.94,3+3</subfield>
            <subfield code="z">94(1968):3</subfield>
         </datafield>
         <datafield tag="949" ind1=" " ind2=" ">
            <subfield code="B">IDSSG</subfield>
            <subfield code="F">HSG</subfield>
            <subfield code="c">BURON</subfield>
            <subfield code="j">PB 3060 -.94,4+2</subfield>
            <subfield code="z">94(1968):4</subfield>
         </datafield>
         <datafield tag="949" ind1=" " ind2=" ">
            <subfield code="B">IDSSG</subfield>
            <subfield code="F">HSG</subfield>
            <subfield code="c">BURON</subfield>
            <subfield code="j">PB 3060 -.95,1</subfield>
            <subfield code="z">95(1969):1</subfield>
         </datafield>
         <datafield tag="949" ind1=" " ind2=" ">
            <subfield code="B">IDSSG</subfield>
            <subfield code="F">HSG</subfield>
            <subfield code="c">BURON</subfield>
            <subfield code="j">PB 3060 -.95,2</subfield>
            <subfield code="z">95(1969):2</subfield>
         </datafield>
         <datafield tag="949" ind1=" " ind2=" ">
            <subfield code="B">IDSSG</subfield>
            <subfield code="F">HSG</subfield>
            <subfield code="c">BURON</subfield>
            <subfield code="j">PB 3060 -.95,3+3</subfield>
            <subfield code="z">95(1969):3</subfield>
         </datafield>
         <datafield tag="949" ind1=" " ind2=" ">
            <subfield code="B">IDSSG</subfield>
            <subfield code="F">HSG</subfield>
            <subfield code="c">BURON</subfield>
            <subfield code="j">PB 3060 -.95,4</subfield>
            <subfield code="z">95(1969):4</subfield>
         </datafield>
         <datafield tag="949" ind1=" " ind2=" ">
            <subfield code="B">IDSSG</subfield>
            <subfield code="F">HSG</subfield>
            <subfield code="c">BURON</subfield>
            <subfield code="j">PB 3060 -.96,1+2</subfield>
            <subfield code="z">96(1970):1</subfield>
         </datafield>
         <datafield tag="949" ind1=" " ind2=" ">
            <subfield code="B">IDSSG</subfield>
            <subfield code="F">HSG</subfield>
            <subfield code="c">BURON</subfield>
            <subfield code="j">PB 3060 -.96,2+5</subfield>
            <subfield code="z">96(1970):2</subfield>
         </datafield>
         <datafield tag="949" ind1=" " ind2=" ">
            <subfield code="B">IDSSG</subfield>
            <subfield code="F">HSG</subfield>
            <subfield code="c">BURON</subfield>
            <subfield code="j">PB 3060 -.96,3+3</subfield>
            <subfield code="z">96(1970):3</subfield>
         </datafield>
         <datafield tag="949" ind1=" " ind2=" ">
            <subfield code="B">IDSSG</subfield>
            <subfield code="F">HSG</subfield>
            <subfield code="c">BURON</subfield>
            <subfield code="j">PB 3060 -.96,4+2</subfield>
            <subfield code="z">96(1970):4</subfield>
         </datafield>
         <datafield tag="949" ind1=" " ind2=" ">
            <subfield code="B">IDSSG</subfield>
            <subfield code="F">HSG</subfield>
            <subfield code="c">BURON</subfield>
            <subfield code="j">PB 3060 -.96,5</subfield>
            <subfield code="z">96(1970):5</subfield>
         </datafield>
         <datafield tag="949" ind1=" " ind2=" ">
            <subfield code="B">IDSSG</subfield>
            <subfield code="F">HSG</subfield>
            <subfield code="c">BURON</subfield>
            <subfield code="j">PB 3060 -.97,1+2</subfield>
            <subfield code="z">97(1971):1</subfield>
         </datafield>
         <datafield tag="949" ind1=" " ind2=" ">
            <subfield code="B">IDSSG</subfield>
            <subfield code="F">HSG</subfield>
            <subfield code="c">BURON</subfield>
            <subfield code="j">PB 3060 -.97,2+4</subfield>
            <subfield code="z">97(1971):2</subfield>
         </datafield>
         <datafield tag="949" ind1=" " ind2=" ">
            <subfield code="B">IDSSG</subfield>
            <subfield code="F">HSG</subfield>
            <subfield code="c">BURON</subfield>
            <subfield code="j">PB 3060 -.97,3+3</subfield>
            <subfield code="z">97(1971):3</subfield>
         </datafield>
         <datafield tag="949" ind1=" " ind2=" ">
            <subfield code="B">IDSSG</subfield>
            <subfield code="F">HSG</subfield>
            <subfield code="c">BURON</subfield>
            <subfield code="j">PB 3060 -.97,4+2</subfield>
            <subfield code="z">97(1971):4</subfield>
         </datafield>
         <datafield tag="949" ind1=" " ind2=" ">
            <subfield code="B">IDSSG</subfield>
            <subfield code="F">HSG</subfield>
            <subfield code="c">BURON</subfield>
            <subfield code="j">PB 3060 -.97,5+2</subfield>
            <subfield code="z">97(1971):5</subfield>
         </datafield>
         <datafield tag="949" ind1=" " ind2=" ">
            <subfield code="B">IDSSG</subfield>
            <subfield code="F">HSG</subfield>
            <subfield code="c">BURON</subfield>
            <subfield code="j">PB 3060 -.98,1a+3</subfield>
            <subfield code="z">98(1972):1a</subfield>
         </datafield>
         <datafield tag="949" ind1=" " ind2=" ">
            <subfield code="B">IDSSG</subfield>
            <subfield code="F">HSG</subfield>
            <subfield code="c">BURON</subfield>
            <subfield code="j">PB 3060 -.98,1b</subfield>
            <subfield code="z">98(1972):1b</subfield>
         </datafield>
         <datafield tag="949" ind1=" " ind2=" ">
            <subfield code="B">IDSSG</subfield>
            <subfield code="F">HSG</subfield>
            <subfield code="c">BURON</subfield>
            <subfield code="j">PB 3060 -.98,2+5</subfield>
            <subfield code="z">98(1972):2</subfield>
         </datafield>
         <datafield tag="949" ind1=" " ind2=" ">
            <subfield code="B">IDSSG</subfield>
            <subfield code="F">HSG</subfield>
            <subfield code="c">BURON</subfield>
            <subfield code="j">PB 3060 -.98,3</subfield>
            <subfield code="z">98(1972):3</subfield>
         </datafield>
         <datafield tag="949" ind1=" " ind2=" ">
            <subfield code="B">IDSSG</subfield>
            <subfield code="F">HSG</subfield>
            <subfield code="c">BURON</subfield>
            <subfield code="j">PB 3060 -.98,4</subfield>
            <subfield code="z">98(1972):4</subfield>
         </datafield>
         <datafield tag="949" ind1=" " ind2=" ">
            <subfield code="B">IDSSG</subfield>
            <subfield code="F">HSG</subfield>
            <subfield code="c">BURON</subfield>
            <subfield code="j">PB 3060 -.98,5+2</subfield>
            <subfield code="z">98(1972):5</subfield>
         </datafield>
         <datafield tag="949" ind1=" " ind2=" ">
            <subfield code="B">IDSSG</subfield>
            <subfield code="F">HSG</subfield>
            <subfield code="c">BURON</subfield>
            <subfield code="j">PB 3060 -.99,1a</subfield>
            <subfield code="z">99(1973):1a</subfield>
         </datafield>
         <datafield tag="949" ind1=" " ind2=" ">
            <subfield code="B">IDSSG</subfield>
            <subfield code="F">HSG</subfield>
            <subfield code="c">BURON</subfield>
            <subfield code="j">PB 3060 -.99,1b+3</subfield>
            <subfield code="z">99(1973):1b</subfield>
         </datafield>
         <datafield tag="949" ind1=" " ind2=" ">
            <subfield code="B">IDSSG</subfield>
            <subfield code="F">HSG</subfield>
            <subfield code="c">BURON</subfield>
            <subfield code="j">PB 3060 -.99,2+4</subfield>
            <subfield code="z">99(1973):2</subfield>
         </datafield>
         <datafield tag="949" ind1=" " ind2=" ">
            <subfield code="B">IDSSG</subfield>
            <subfield code="F">HSG</subfield>
            <subfield code="c">BURON</subfield>
            <subfield code="j">PB 3060 -.99,3+2</subfield>
            <subfield code="z">99(1973):3</subfield>
         </datafield>
         <datafield tag="949" ind1=" " ind2=" ">
            <subfield code="B">IDSSG</subfield>
            <subfield code="F">HSG</subfield>
            <subfield code="c">BURON</subfield>
            <subfield code="j">PB 3060 -.99,4+2</subfield>
            <subfield code="z">99(1973):4</subfield>
         </datafield>
         <datafield tag="949" ind1=" " ind2=" ">
            <subfield code="B">IDSSG</subfield>
            <subfield code="F">HSG</subfield>
            <subfield code="c">BURON</subfield>
            <subfield code="j">PB 3060 -.99,5</subfield>
            <subfield code="z">99(1973):5</subfield>
         </datafield>
         <datafield tag="949" ind1=" " ind2=" ">
            <subfield code="B">IDSSG</subfield>
            <subfield code="F">HSG</subfield>
            <subfield code="c">BURON</subfield>
            <subfield code="j">PB 3060 -100,1a+2</subfield>
            <subfield code="z">100(1974):1a</subfield>
         </datafield>
         <datafield tag="949" ind1=" " ind2=" ">
            <subfield code="B">IDSSG</subfield>
            <subfield code="F">HSG</subfield>
            <subfield code="c">BURON</subfield>
            <subfield code="j">PB 3060 -100,1b+2</subfield>
            <subfield code="z">100(1974):1b</subfield>
         </datafield>
         <datafield tag="949" ind1=" " ind2=" ">
            <subfield code="B">IDSSG</subfield>
            <subfield code="F">HSG</subfield>
            <subfield code="c">BURON</subfield>
            <subfield code="j">PB 3060 -100,2</subfield>
            <subfield code="z">100(1974):2</subfield>
         </datafield>
         <datafield tag="949" ind1=" " ind2=" ">
            <subfield code="B">IDSSG</subfield>
            <subfield code="F">HSG</subfield>
            <subfield code="c">BURON</subfield>
            <subfield code="j">PB 3060 -100,3+2</subfield>
            <subfield code="z">100(1974):3</subfield>
         </datafield>
         <datafield tag="949" ind1=" " ind2=" ">
            <subfield code="B">IDSSG</subfield>
            <subfield code="F">HSG</subfield>
            <subfield code="c">BURON</subfield>
            <subfield code="j">PB 3060 -100,4+2</subfield>
            <subfield code="z">100(1974):4</subfield>
         </datafield>
         <datafield tag="949" ind1=" " ind2=" ">
            <subfield code="B">IDSSG</subfield>
            <subfield code="F">HSG</subfield>
            <subfield code="c">BURON</subfield>
            <subfield code="j">PB 3060 -100,5+3</subfield>
            <subfield code="z">100(1974):5</subfield>
         </datafield>
         <datafield tag="949" ind1=" " ind2=" ">
            <subfield code="B">IDSSG</subfield>
            <subfield code="F">HSG</subfield>
            <subfield code="c">BURON</subfield>
            <subfield code="j">PB 3060 -101,1a+3</subfield>
            <subfield code="z">101(1975):1a</subfield>
         </datafield>
         <datafield tag="949" ind1=" " ind2=" ">
            <subfield code="B">IDSSG</subfield>
            <subfield code="F">HSG</subfield>
            <subfield code="c">BURON</subfield>
            <subfield code="j">PB 3060 -101,1b+2</subfield>
            <subfield code="z">101(1975):1b</subfield>
         </datafield>
         <datafield tag="949" ind1=" " ind2=" ">
            <subfield code="B">IDSSG</subfield>
            <subfield code="F">HSG</subfield>
            <subfield code="c">BURON</subfield>
            <subfield code="j">PB 3060 -101,2+5</subfield>
            <subfield code="z">101(1975):2</subfield>
         </datafield>
         <datafield tag="949" ind1=" " ind2=" ">
            <subfield code="B">IDSSG</subfield>
            <subfield code="F">HSG</subfield>
            <subfield code="c">BURON</subfield>
            <subfield code="j">PB 3060 -101,3</subfield>
            <subfield code="z">101(1975):3</subfield>
         </datafield>
         <datafield tag="949" ind1=" " ind2=" ">
            <subfield code="B">IDSSG</subfield>
            <subfield code="F">HSG</subfield>
            <subfield code="c">BURON</subfield>
            <subfield code="j">PB 3060 -101,4</subfield>
            <subfield code="z">101(1975):4</subfield>
         </datafield>
         <datafield tag="949" ind1=" " ind2=" ">
            <subfield code="B">IDSSG</subfield>
            <subfield code="F">HSG</subfield>
            <subfield code="c">BURON</subfield>
            <subfield code="j">PB 3060 -101,5</subfield>
            <subfield code="z">101(1975):5</subfield>
         </datafield>
         <datafield tag="949" ind1=" " ind2=" ">
            <subfield code="B">IDSSG</subfield>
            <subfield code="F">HSG</subfield>
            <subfield code="c">BURON</subfield>
            <subfield code="j">PB 3060 -102,1a+3</subfield>
            <subfield code="z">102(1976):1a</subfield>
         </datafield>
         <datafield tag="949" ind1=" " ind2=" ">
            <subfield code="B">IDSSG</subfield>
            <subfield code="F">HSG</subfield>
            <subfield code="c">BURON</subfield>
            <subfield code="j">PB 3060 -102,1b</subfield>
            <subfield code="z">102(1976):1b</subfield>
         </datafield>
         <datafield tag="949" ind1=" " ind2=" ">
            <subfield code="B">IDSSG</subfield>
            <subfield code="F">HSG</subfield>
            <subfield code="c">BURON</subfield>
            <subfield code="j">PB 3060 -102,2+4</subfield>
            <subfield code="z">102(1976):2</subfield>
         </datafield>
         <datafield tag="949" ind1=" " ind2=" ">
            <subfield code="B">IDSSG</subfield>
            <subfield code="F">HSG</subfield>
            <subfield code="c">BURON</subfield>
            <subfield code="j">PB 3060 -102,3</subfield>
            <subfield code="z">102(1976):3</subfield>
         </datafield>
         <datafield tag="949" ind1=" " ind2=" ">
            <subfield code="B">IDSSG</subfield>
            <subfield code="F">HSG</subfield>
            <subfield code="c">BURON</subfield>
            <subfield code="j">PB 3060 -102,4+2</subfield>
            <subfield code="z">102(1976):4</subfield>
         </datafield>
         <datafield tag="949" ind1=" " ind2=" ">
            <subfield code="B">IDSSG</subfield>
            <subfield code="F">HSG</subfield>
            <subfield code="c">BURON</subfield>
            <subfield code="j">PB 3060 -102,5+2</subfield>
            <subfield code="z">102(1976):5</subfield>
         </datafield>
         <datafield tag="949" ind1=" " ind2=" ">
            <subfield code="B">IDSSG</subfield>
            <subfield code="F">HSG</subfield>
            <subfield code="c">BURON</subfield>
            <subfield code="j">PB 3060 -103,1a+3</subfield>
            <subfield code="z">103(1977):1a</subfield>
         </datafield>
         <datafield tag="949" ind1=" " ind2=" ">
            <subfield code="B">IDSSG</subfield>
            <subfield code="F">HSG</subfield>
            <subfield code="c">BURON</subfield>
            <subfield code="j">PB 3060 -103,1b+3</subfield>
            <subfield code="z">103(1977):1b</subfield>
         </datafield>
         <datafield tag="949" ind1=" " ind2=" ">
            <subfield code="B">IDSSG</subfield>
            <subfield code="F">HSG</subfield>
            <subfield code="c">BURON</subfield>
            <subfield code="j">PB 3060 -103,2+4</subfield>
            <subfield code="z">103(1977):2</subfield>
         </datafield>
         <datafield tag="949" ind1=" " ind2=" ">
            <subfield code="B">IDSSG</subfield>
            <subfield code="F">HSG</subfield>
            <subfield code="c">BURON</subfield>
            <subfield code="j">PB 3060 -103,3+2</subfield>
            <subfield code="z">103(1977):3</subfield>
         </datafield>
         <datafield tag="949" ind1=" " ind2=" ">
            <subfield code="B">IDSSG</subfield>
            <subfield code="F">HSG</subfield>
            <subfield code="c">BURON</subfield>
            <subfield code="j">PB 3060 -103,4+3</subfield>
            <subfield code="z">103(1977):4</subfield>
         </datafield>
         <datafield tag="949" ind1=" " ind2=" ">
            <subfield code="B">IDSSG</subfield>
            <subfield code="F">HSG</subfield>
            <subfield code="c">BURON</subfield>
            <subfield code="j">PB 3060 -103,5+2</subfield>
            <subfield code="z">103(1977):5</subfield>
         </datafield>
         <datafield tag="949" ind1=" " ind2=" ">
            <subfield code="B">IDSSG</subfield>
            <subfield code="F">HSG</subfield>
            <subfield code="c">BURON</subfield>
            <subfield code="j">PB 3060 -104,1a</subfield>
            <subfield code="z">104(1978):1a</subfield>
         </datafield>
         <datafield tag="949" ind1=" " ind2=" ">
            <subfield code="B">IDSSG</subfield>
            <subfield code="F">HSG</subfield>
            <subfield code="c">BURON</subfield>
            <subfield code="j">PB 3060 -104,1b+2</subfield>
            <subfield code="z">104(1978):1b</subfield>
         </datafield>
         <datafield tag="949" ind1=" " ind2=" ">
            <subfield code="B">IDSSG</subfield>
            <subfield code="F">HSG</subfield>
            <subfield code="c">BURON</subfield>
            <subfield code="j">PB 3060 -104,2+5</subfield>
            <subfield code="z">104(1978):2</subfield>
         </datafield>
         <datafield tag="949" ind1=" " ind2=" ">
            <subfield code="B">IDSSG</subfield>
            <subfield code="F">HSG</subfield>
            <subfield code="c">BURON</subfield>
            <subfield code="j">PB 3060 -104,3+2</subfield>
            <subfield code="z">104(1978):3</subfield>
         </datafield>
         <datafield tag="949" ind1=" " ind2=" ">
            <subfield code="B">IDSSG</subfield>
            <subfield code="F">HSG</subfield>
            <subfield code="c">BURON</subfield>
            <subfield code="j">PB 3060 -104,4+2</subfield>
            <subfield code="z">104(1978):4</subfield>
         </datafield>
         <datafield tag="949" ind1=" " ind2=" ">
            <subfield code="B">IDSSG</subfield>
            <subfield code="F">HSG</subfield>
            <subfield code="c">BURON</subfield>
            <subfield code="j">PB 3060 -104,5</subfield>
            <subfield code="z">104(1978):5</subfield>
         </datafield>
         <datafield tag="949" ind1=" " ind2=" ">
            <subfield code="B">IDSSG</subfield>
            <subfield code="F">HSG</subfield>
            <subfield code="c">BURON</subfield>
            <subfield code="j">PB 3060 -105,1a</subfield>
            <subfield code="z">105(1979):1a</subfield>
         </datafield>
         <datafield tag="949" ind1=" " ind2=" ">
            <subfield code="B">IDSSG</subfield>
            <subfield code="F">HSG</subfield>
            <subfield code="c">BURON</subfield>
            <subfield code="j">PB 3060 -105,1b</subfield>
            <subfield code="z">105(1979):1b</subfield>
         </datafield>
         <datafield tag="949" ind1=" " ind2=" ">
            <subfield code="B">IDSSG</subfield>
            <subfield code="F">HSG</subfield>
            <subfield code="c">BURON</subfield>
            <subfield code="j">PB 3060 -105,2</subfield>
            <subfield code="z">105(1979):2</subfield>
         </datafield>
         <datafield tag="949" ind1=" " ind2=" ">
            <subfield code="B">IDSSG</subfield>
            <subfield code="F">HSG</subfield>
            <subfield code="c">BURON</subfield>
            <subfield code="j">PB 3060 -105,3+2</subfield>
            <subfield code="z">105(1979):3</subfield>
         </datafield>
         <datafield tag="949" ind1=" " ind2=" ">
            <subfield code="B">IDSSG</subfield>
            <subfield code="F">HSG</subfield>
            <subfield code="c">BURON</subfield>
            <subfield code="j">PB 3060 -105,4</subfield>
            <subfield code="z">105(1979):4</subfield>
         </datafield>
         <datafield tag="949" ind1=" " ind2=" ">
            <subfield code="B">IDSSG</subfield>
            <subfield code="F">HSG</subfield>
            <subfield code="c">BURON</subfield>
            <subfield code="j">PB 3060 -105,5+3</subfield>
            <subfield code="z">105(1979):5</subfield>
         </datafield>
         <datafield tag="949" ind1=" " ind2=" ">
            <subfield code="B">IDSSG</subfield>
            <subfield code="F">HSG</subfield>
            <subfield code="c">BURON</subfield>
            <subfield code="j">PB 3060 -106,1a+2</subfield>
            <subfield code="z">106(1980):1a</subfield>
         </datafield>
         <datafield tag="949" ind1=" " ind2=" ">
            <subfield code="B">IDSSG</subfield>
            <subfield code="F">HSG</subfield>
            <subfield code="c">BURON</subfield>
            <subfield code="j">PB 3060 -106,1b+2</subfield>
            <subfield code="z">106(1980):1b</subfield>
         </datafield>
         <datafield tag="949" ind1=" " ind2=" ">
            <subfield code="B">IDSSG</subfield>
            <subfield code="F">HSG</subfield>
            <subfield code="c">BURON</subfield>
            <subfield code="j">PB 3060 -106,2+4</subfield>
            <subfield code="z">106(1980):2</subfield>
         </datafield>
         <datafield tag="949" ind1=" " ind2=" ">
            <subfield code="B">IDSSG</subfield>
            <subfield code="F">HSG</subfield>
            <subfield code="c">BURON</subfield>
            <subfield code="j">PB 3060 -106,3+3</subfield>
            <subfield code="z">106(1980):3</subfield>
         </datafield>
         <datafield tag="949" ind1=" " ind2=" ">
            <subfield code="B">IDSSG</subfield>
            <subfield code="F">HSG</subfield>
            <subfield code="c">BURON</subfield>
            <subfield code="j">PB 3060 -106,4+2</subfield>
            <subfield code="z">106(1980):4</subfield>
         </datafield>
         <datafield tag="949" ind1=" " ind2=" ">
            <subfield code="B">IDSSG</subfield>
            <subfield code="F">HSG</subfield>
            <subfield code="c">BURON</subfield>
            <subfield code="j">PB 3060 -106,5+2</subfield>
            <subfield code="z">106(1980):5</subfield>
         </datafield>
         <datafield tag="949" ind1=" " ind2=" ">
            <subfield code="B">IDSSG</subfield>
            <subfield code="F">HSG</subfield>
            <subfield code="c">BURON</subfield>
            <subfield code="j">PB 3060 -107,1a</subfield>
            <subfield code="z">107(1981):1a</subfield>
         </datafield>
         <datafield tag="949" ind1=" " ind2=" ">
            <subfield code="B">IDSSG</subfield>
            <subfield code="F">HSG</subfield>
            <subfield code="c">BURON</subfield>
            <subfield code="j">PB 3060 -107,1b</subfield>
            <subfield code="z">107(1981):1b</subfield>
         </datafield>
         <datafield tag="949" ind1=" " ind2=" ">
            <subfield code="B">IDSSG</subfield>
            <subfield code="F">HSG</subfield>
            <subfield code="c">BURON</subfield>
            <subfield code="j">PB 3060 -107,2+5</subfield>
            <subfield code="z">107(1981):2</subfield>
         </datafield>
         <datafield tag="949" ind1=" " ind2=" ">
            <subfield code="B">IDSSG</subfield>
            <subfield code="F">HSG</subfield>
            <subfield code="c">BURON</subfield>
            <subfield code="j">PB 3060 -107,3</subfield>
            <subfield code="z">107(1981):3</subfield>
         </datafield>
         <datafield tag="949" ind1=" " ind2=" ">
            <subfield code="B">IDSSG</subfield>
            <subfield code="F">HSG</subfield>
            <subfield code="c">BURON</subfield>
            <subfield code="j">PB 3060 -107,4</subfield>
            <subfield code="z">107(1981):4</subfield>
         </datafield>
         <datafield tag="949" ind1=" " ind2=" ">
            <subfield code="B">IDSSG</subfield>
            <subfield code="F">HSG</subfield>
            <subfield code="c">BURON</subfield>
            <subfield code="j">PB 3060 -107,5</subfield>
            <subfield code="z">107(1981):5</subfield>
         </datafield>
         <datafield tag="949" ind1=" " ind2=" ">
            <subfield code="B">IDSSG</subfield>
            <subfield code="F">HSG</subfield>
            <subfield code="c">BURON</subfield>
            <subfield code="j">PB 3060 -108,1a</subfield>
            <subfield code="z">108(1982):1a</subfield>
         </datafield>
         <datafield tag="949" ind1=" " ind2=" ">
            <subfield code="B">IDSSG</subfield>
            <subfield code="F">HSG</subfield>
            <subfield code="c">BURON</subfield>
            <subfield code="j">PB 3060 -108,1b+3</subfield>
            <subfield code="z">108(1982):1b</subfield>
         </datafield>
         <datafield tag="949" ind1=" " ind2=" ">
            <subfield code="B">IDSSG</subfield>
            <subfield code="F">HSG</subfield>
            <subfield code="c">BURON</subfield>
            <subfield code="j">PB 3060 -108,2+4</subfield>
            <subfield code="z">108(1982):2</subfield>
         </datafield>
         <datafield tag="949" ind1=" " ind2=" ">
            <subfield code="B">IDSSG</subfield>
            <subfield code="F">HSG</subfield>
            <subfield code="c">BURON</subfield>
            <subfield code="j">PB 3060 -108,3+3</subfield>
            <subfield code="z">108(1982):3</subfield>
         </datafield>
         <datafield tag="949" ind1=" " ind2=" ">
            <subfield code="B">IDSSG</subfield>
            <subfield code="F">HSG</subfield>
            <subfield code="c">BURON</subfield>
            <subfield code="j">PB 3060 -108,4+3</subfield>
            <subfield code="z">108(1982):4</subfield>
         </datafield>
         <datafield tag="949" ind1=" " ind2=" ">
            <subfield code="B">IDSSG</subfield>
            <subfield code="F">HSG</subfield>
            <subfield code="c">BURON</subfield>
            <subfield code="j">PB 3060 -108,5</subfield>
            <subfield code="z">108(1982):5</subfield>
         </datafield>
         <datafield tag="949" ind1=" " ind2=" ">
            <subfield code="B">IDSSG</subfield>
            <subfield code="F">HSG</subfield>
            <subfield code="c">BURON</subfield>
            <subfield code="j">PB 3060 -109,1a+4</subfield>
            <subfield code="z">109(1983):1a</subfield>
         </datafield>
         <datafield tag="949" ind1=" " ind2=" ">
            <subfield code="B">IDSSG</subfield>
            <subfield code="F">HSG</subfield>
            <subfield code="c">BURON</subfield>
            <subfield code="j">PB 3060 -109,1b</subfield>
            <subfield code="z">109(1983):1b</subfield>
         </datafield>
         <datafield tag="949" ind1=" " ind2=" ">
            <subfield code="B">IDSSG</subfield>
            <subfield code="F">HSG</subfield>
            <subfield code="c">BURON</subfield>
            <subfield code="j">PB 3060 -109,2+6</subfield>
            <subfield code="z">109(1983):2</subfield>
         </datafield>
         <datafield tag="949" ind1=" " ind2=" ">
            <subfield code="B">IDSSG</subfield>
            <subfield code="F">HSG</subfield>
            <subfield code="c">BURON</subfield>
            <subfield code="j">PB 3060 -109,3</subfield>
            <subfield code="z">109(1983):3</subfield>
         </datafield>
         <datafield tag="949" ind1=" " ind2=" ">
            <subfield code="B">IDSSG</subfield>
            <subfield code="F">HSG</subfield>
            <subfield code="c">BURON</subfield>
            <subfield code="j">PB 3060 -109,4+2</subfield>
            <subfield code="z">109(1983):4</subfield>
         </datafield>
         <datafield tag="949" ind1=" " ind2=" ">
            <subfield code="B">IDSSG</subfield>
            <subfield code="F">HSG</subfield>
            <subfield code="c">BURON</subfield>
            <subfield code="j">PB 3060 -109,5+3</subfield>
            <subfield code="z">109(1983):5</subfield>
         </datafield>
         <datafield tag="949" ind1=" " ind2=" ">
            <subfield code="B">IDSSG</subfield>
            <subfield code="F">HSG</subfield>
            <subfield code="c">BURON</subfield>
            <subfield code="j">PB 3060 -110,1a+3</subfield>
            <subfield code="z">110(1984):1a</subfield>
         </datafield>
         <datafield tag="949" ind1=" " ind2=" ">
            <subfield code="B">IDSSG</subfield>
            <subfield code="F">HSG</subfield>
            <subfield code="c">BURON</subfield>
            <subfield code="j">PB 3060 -110,1b</subfield>
            <subfield code="z">110(1984):1b</subfield>
         </datafield>
         <datafield tag="949" ind1=" " ind2=" ">
            <subfield code="B">IDSSG</subfield>
            <subfield code="F">HSG</subfield>
            <subfield code="c">BURON</subfield>
            <subfield code="j">PB 3060 -110,2+5</subfield>
            <subfield code="z">110(1984):2</subfield>
         </datafield>
         <datafield tag="949" ind1=" " ind2=" ">
            <subfield code="B">IDSSG</subfield>
            <subfield code="F">HSG</subfield>
            <subfield code="c">BURON</subfield>
            <subfield code="j">PB 3060 -110,3</subfield>
            <subfield code="z">110(1984):3</subfield>
         </datafield>
         <datafield tag="949" ind1=" " ind2=" ">
            <subfield code="B">IDSSG</subfield>
            <subfield code="F">HSG</subfield>
            <subfield code="c">BURON</subfield>
            <subfield code="j">PB 3060 -110,4+2</subfield>
            <subfield code="z">110(1984):4</subfield>
         </datafield>
         <datafield tag="949" ind1=" " ind2=" ">
            <subfield code="B">IDSSG</subfield>
            <subfield code="F">HSG</subfield>
            <subfield code="c">BURON</subfield>
            <subfield code="j">PB 3060 -110,5</subfield>
            <subfield code="z">110(1984):5</subfield>
         </datafield>
         <datafield tag="949" ind1=" " ind2=" ">
            <subfield code="B">IDSSG</subfield>
            <subfield code="F">HSG</subfield>
            <subfield code="c">BURON</subfield>
            <subfield code="j">PB 3060 -111,1a+2</subfield>
            <subfield code="z">111(1985):1a</subfield>
         </datafield>
         <datafield tag="949" ind1=" " ind2=" ">
            <subfield code="B">IDSSG</subfield>
            <subfield code="F">HSG</subfield>
            <subfield code="c">BURON</subfield>
            <subfield code="j">PB 3060 -111,1b+4</subfield>
            <subfield code="z">111(1985):1b</subfield>
         </datafield>
         <datafield tag="949" ind1=" " ind2=" ">
            <subfield code="B">IDSSG</subfield>
            <subfield code="F">HSG</subfield>
            <subfield code="c">BURON</subfield>
            <subfield code="j">PB 3060 -111,2+4</subfield>
            <subfield code="z">111(1985):2</subfield>
         </datafield>
         <datafield tag="949" ind1=" " ind2=" ">
            <subfield code="B">IDSSG</subfield>
            <subfield code="F">HSG</subfield>
            <subfield code="c">BURON</subfield>
            <subfield code="j">PB 3060 -111,3+2</subfield>
            <subfield code="z">111(1985):3</subfield>
         </datafield>
         <datafield tag="949" ind1=" " ind2=" ">
            <subfield code="B">IDSSG</subfield>
            <subfield code="F">HSG</subfield>
            <subfield code="c">BURON</subfield>
            <subfield code="j">PB 3060 -111,4</subfield>
            <subfield code="z">111(1985):4</subfield>
         </datafield>
         <datafield tag="949" ind1=" " ind2=" ">
            <subfield code="B">IDSSG</subfield>
            <subfield code="F">HSG</subfield>
            <subfield code="c">BURON</subfield>
            <subfield code="j">PB 3060 -111,5+2</subfield>
            <subfield code="z">111(1985):5</subfield>
         </datafield>
         <datafield tag="949" ind1=" " ind2=" ">
            <subfield code="B">IDSSG</subfield>
            <subfield code="F">HSG</subfield>
            <subfield code="c">BURON</subfield>
            <subfield code="j">PB 3060 -112,1a+3</subfield>
            <subfield code="z">112(1986):1a</subfield>
         </datafield>
         <datafield tag="949" ind1=" " ind2=" ">
            <subfield code="B">IDSSG</subfield>
            <subfield code="F">HSG</subfield>
            <subfield code="c">BURON</subfield>
            <subfield code="j">PB 3060 -112,1b+3</subfield>
            <subfield code="z">112(1986):1b</subfield>
         </datafield>
         <datafield tag="949" ind1=" " ind2=" ">
            <subfield code="B">IDSSG</subfield>
            <subfield code="F">HSG</subfield>
            <subfield code="c">BURON</subfield>
            <subfield code="j">PB 3060 -112,2+2</subfield>
            <subfield code="z">112(1986):2</subfield>
         </datafield>
         <datafield tag="949" ind1=" " ind2=" ">
            <subfield code="B">IDSSG</subfield>
            <subfield code="F">HSG</subfield>
            <subfield code="c">BURON</subfield>
            <subfield code="j">PB 3060 -112,3</subfield>
            <subfield code="z">112(1986):3</subfield>
         </datafield>
         <datafield tag="949" ind1=" " ind2=" ">
            <subfield code="B">IDSSG</subfield>
            <subfield code="F">HSG</subfield>
            <subfield code="c">BURON</subfield>
            <subfield code="j">PB 3060 -112,4</subfield>
            <subfield code="z">112(1986):4</subfield>
         </datafield>
         <datafield tag="949" ind1=" " ind2=" ">
            <subfield code="B">IDSSG</subfield>
            <subfield code="F">HSG</subfield>
            <subfield code="c">BURON</subfield>
            <subfield code="j">PB 3060 -112,5+2</subfield>
            <subfield code="z">112(1986):5</subfield>
         </datafield>
         <datafield tag="949" ind1=" " ind2=" ">
            <subfield code="B">IDSSG</subfield>
            <subfield code="F">HSG</subfield>
            <subfield code="c">BURON</subfield>
            <subfield code="j">PB 3060 -113,1a+2</subfield>
            <subfield code="z">113(1987):1a</subfield>
         </datafield>
         <datafield tag="949" ind1=" " ind2=" ">
            <subfield code="B">IDSSG</subfield>
            <subfield code="F">HSG</subfield>
            <subfield code="c">BURON</subfield>
            <subfield code="j">PB 3060 -113,1b+2</subfield>
            <subfield code="z">113(1987):1b</subfield>
         </datafield>
         <datafield tag="949" ind1=" " ind2=" ">
            <subfield code="B">IDSSG</subfield>
            <subfield code="F">HSG</subfield>
            <subfield code="c">BURON</subfield>
            <subfield code="j">PB 3060 -113,2+4</subfield>
            <subfield code="z">113(1987):2</subfield>
         </datafield>
         <datafield tag="949" ind1=" " ind2=" ">
            <subfield code="B">IDSSG</subfield>
            <subfield code="F">HSG</subfield>
            <subfield code="c">BURON</subfield>
            <subfield code="j">PB 3060 -113,3</subfield>
            <subfield code="z">113(1987):3</subfield>
         </datafield>
         <datafield tag="949" ind1=" " ind2=" ">
            <subfield code="B">IDSSG</subfield>
            <subfield code="F">HSG</subfield>
            <subfield code="c">BURON</subfield>
            <subfield code="j">PB 3060 -113,4+3</subfield>
            <subfield code="z">113(1987):4</subfield>
         </datafield>
         <datafield tag="949" ind1=" " ind2=" ">
            <subfield code="B">IDSSG</subfield>
            <subfield code="F">HSG</subfield>
            <subfield code="c">BURON</subfield>
            <subfield code="j">PB 3060 -113,5</subfield>
            <subfield code="z">113(1987):5</subfield>
         </datafield>
         <datafield tag="949" ind1=" " ind2=" ">
            <subfield code="B">IDSSG</subfield>
            <subfield code="F">HSG</subfield>
            <subfield code="c">BURON</subfield>
            <subfield code="j">PB 3060 -114,1a+2</subfield>
            <subfield code="z">114(1988):1a</subfield>
         </datafield>
         <datafield tag="949" ind1=" " ind2=" ">
            <subfield code="B">IDSSG</subfield>
            <subfield code="F">HSG</subfield>
            <subfield code="c">BURON</subfield>
            <subfield code="j">PB 3060 -114,1b+3</subfield>
            <subfield code="z">114(1988):1b</subfield>
         </datafield>
         <datafield tag="949" ind1=" " ind2=" ">
            <subfield code="B">IDSSG</subfield>
            <subfield code="F">HSG</subfield>
            <subfield code="c">BURON</subfield>
            <subfield code="j">PB 3060 -114,2+2</subfield>
            <subfield code="z">114(1988):2</subfield>
         </datafield>
         <datafield tag="949" ind1=" " ind2=" ">
            <subfield code="B">IDSSG</subfield>
            <subfield code="F">HSG</subfield>
            <subfield code="c">BURON</subfield>
            <subfield code="j">PB 3060 -114,3</subfield>
            <subfield code="z">114(1988):3</subfield>
         </datafield>
         <datafield tag="949" ind1=" " ind2=" ">
            <subfield code="B">IDSSG</subfield>
            <subfield code="F">HSG</subfield>
            <subfield code="c">BURON</subfield>
            <subfield code="j">PB 3060 -114,4</subfield>
            <subfield code="z">114(1988):4</subfield>
         </datafield>
         <datafield tag="949" ind1=" " ind2=" ">
            <subfield code="B">IDSSG</subfield>
            <subfield code="F">HSG</subfield>
            <subfield code="c">BURON</subfield>
            <subfield code="j">PB 3060 -114,5</subfield>
            <subfield code="z">114(1988):5</subfield>
         </datafield>
         <datafield tag="949" ind1=" " ind2=" ">
            <subfield code="B">IDSSG</subfield>
            <subfield code="F">HSG</subfield>
            <subfield code="c">BURON</subfield>
            <subfield code="j">PB 3060 -115,1a</subfield>
            <subfield code="z">115(1989):1a</subfield>
         </datafield>
         <datafield tag="949" ind1=" " ind2=" ">
            <subfield code="B">IDSSG</subfield>
            <subfield code="F">HSG</subfield>
            <subfield code="c">BURON</subfield>
            <subfield code="j">PB 3060 -115,1b</subfield>
            <subfield code="z">115(1989):1b</subfield>
         </datafield>
         <datafield tag="949" ind1=" " ind2=" ">
            <subfield code="B">IDSSG</subfield>
            <subfield code="F">HSG</subfield>
            <subfield code="c">BURON</subfield>
            <subfield code="j">PB 3060 -115,2+4</subfield>
            <subfield code="z">115(1989):2</subfield>
         </datafield>
         <datafield tag="949" ind1=" " ind2=" ">
            <subfield code="B">IDSSG</subfield>
            <subfield code="F">HSG</subfield>
            <subfield code="c">BURON</subfield>
            <subfield code="j">PB 3060 -115,3+3</subfield>
            <subfield code="z">115(1989):3</subfield>
         </datafield>
         <datafield tag="949" ind1=" " ind2=" ">
            <subfield code="B">IDSSG</subfield>
            <subfield code="F">HSG</subfield>
            <subfield code="c">BURON</subfield>
            <subfield code="j">PB 3060 -115,4+2</subfield>
            <subfield code="z">115(1989):4</subfield>
         </datafield>
         <datafield tag="949" ind1=" " ind2=" ">
            <subfield code="B">IDSSG</subfield>
            <subfield code="F">HSG</subfield>
            <subfield code="c">BURON</subfield>
            <subfield code="j">PB 3060 -115,5+2</subfield>
            <subfield code="z">115(1989):5</subfield>
         </datafield>
         <datafield tag="949" ind1=" " ind2=" ">
            <subfield code="B">IDSSG</subfield>
            <subfield code="F">HSG</subfield>
            <subfield code="c">BURON</subfield>
            <subfield code="j">PB 3060 -116,1a+2</subfield>
            <subfield code="z">116(1989):1a</subfield>
         </datafield>
         <datafield tag="949" ind1=" " ind2=" ">
            <subfield code="B">IDSSG</subfield>
            <subfield code="F">HSG</subfield>
            <subfield code="c">BURON</subfield>
            <subfield code="j">PB 3060 -116,1b</subfield>
            <subfield code="z">116(1989):1b</subfield>
         </datafield>
         <datafield tag="949" ind1=" " ind2=" ">
            <subfield code="B">IDSSG</subfield>
            <subfield code="F">HSG</subfield>
            <subfield code="c">BURON</subfield>
            <subfield code="j">PB 3060 -116,2</subfield>
            <subfield code="z">116(1990):2</subfield>
         </datafield>
         <datafield tag="949" ind1=" " ind2=" ">
            <subfield code="B">IDSSG</subfield>
            <subfield code="F">HSG</subfield>
            <subfield code="c">BURON</subfield>
            <subfield code="j">PB 3060 -116,3</subfield>
            <subfield code="z">116(1990):3</subfield>
         </datafield>
         <datafield tag="949" ind1=" " ind2=" ">
            <subfield code="B">IDSSG</subfield>
            <subfield code="F">HSG</subfield>
            <subfield code="c">BURON</subfield>
            <subfield code="j">PB 3060 -116,4</subfield>
            <subfield code="z">116(1990):4</subfield>
         </datafield>
         <datafield tag="949" ind1=" " ind2=" ">
            <subfield code="B">IDSSG</subfield>
            <subfield code="F">HSG</subfield>
            <subfield code="c">BURON</subfield>
            <subfield code="j">PB 3060 -116,5+2</subfield>
            <subfield code="z">116(1990):5</subfield>
         </datafield>
         <datafield tag="949" ind1=" " ind2=" ">
            <subfield code="B">IDSSG</subfield>
            <subfield code="F">HSG</subfield>
            <subfield code="c">BURON</subfield>
            <subfield code="j">PB 3060 -117,1a+2</subfield>
            <subfield code="z">117(1991):1a</subfield>
         </datafield>
         <datafield tag="949" ind1=" " ind2=" ">
            <subfield code="B">IDSSG</subfield>
            <subfield code="F">HSG</subfield>
            <subfield code="c">BURON</subfield>
            <subfield code="j">PB 3060 -117,1b</subfield>
            <subfield code="z">117(1991):1b</subfield>
         </datafield>
         <datafield tag="949" ind1=" " ind2=" ">
            <subfield code="B">IDSSG</subfield>
            <subfield code="F">HSG</subfield>
            <subfield code="c">BURON</subfield>
            <subfield code="j">PB 3060 -117,2</subfield>
            <subfield code="z">117(1991):2</subfield>
         </datafield>
         <datafield tag="949" ind1=" " ind2=" ">
            <subfield code="B">IDSSG</subfield>
            <subfield code="F">HSG</subfield>
            <subfield code="c">BURON</subfield>
            <subfield code="j">PB 3060 -117,3</subfield>
            <subfield code="z">117(1991):3</subfield>
         </datafield>
         <datafield tag="949" ind1=" " ind2=" ">
            <subfield code="B">IDSSG</subfield>
            <subfield code="F">HSG</subfield>
            <subfield code="c">BURON</subfield>
            <subfield code="j">PB 3060 -117,4+2</subfield>
            <subfield code="z">117(1991):4</subfield>
         </datafield>
         <datafield tag="949" ind1=" " ind2=" ">
            <subfield code="B">IDSSG</subfield>
            <subfield code="F">HSG</subfield>
            <subfield code="c">BURON</subfield>
            <subfield code="j">PB 3060 -117,5+2</subfield>
            <subfield code="z">117(1991):5</subfield>
         </datafield>
         <datafield tag="949" ind1=" " ind2=" ">
            <subfield code="B">IDSSG</subfield>
            <subfield code="F">HSG</subfield>
            <subfield code="c">BURON</subfield>
            <subfield code="j">PB 3060 -118,1a</subfield>
            <subfield code="z">118(1992):1a</subfield>
         </datafield>
         <datafield tag="949" ind1=" " ind2=" ">
            <subfield code="B">IDSSG</subfield>
            <subfield code="F">HSG</subfield>
            <subfield code="c">BURON</subfield>
            <subfield code="j">PB 3060 -118,1b</subfield>
            <subfield code="z">118(1992):1b</subfield>
         </datafield>
         <datafield tag="949" ind1=" " ind2=" ">
            <subfield code="B">IDSSG</subfield>
            <subfield code="F">HSG</subfield>
            <subfield code="c">BURON</subfield>
            <subfield code="j">PB 3060 -118,2</subfield>
            <subfield code="z">118(1992):2</subfield>
         </datafield>
         <datafield tag="949" ind1=" " ind2=" ">
            <subfield code="B">IDSSG</subfield>
            <subfield code="F">HSG</subfield>
            <subfield code="c">BURON</subfield>
            <subfield code="j">PB 3060 -118,3</subfield>
            <subfield code="z">118(1992):3</subfield>
         </datafield>
         <datafield tag="949" ind1=" " ind2=" ">
            <subfield code="B">IDSSG</subfield>
            <subfield code="F">HSG</subfield>
            <subfield code="c">BURON</subfield>
            <subfield code="j">PB 3060 -118,4</subfield>
            <subfield code="z">118(1992):4</subfield>
         </datafield>
         <datafield tag="949" ind1=" " ind2=" ">
            <subfield code="B">IDSSG</subfield>
            <subfield code="F">HSG</subfield>
            <subfield code="c">BURON</subfield>
            <subfield code="j">PB 3060 -118,5</subfield>
            <subfield code="z">118(1992):5</subfield>
         </datafield>
         <datafield tag="949" ind1=" " ind2=" ">
            <subfield code="B">IDSSG</subfield>
            <subfield code="F">HSG</subfield>
            <subfield code="c">BURON</subfield>
            <subfield code="j">PB 3060 -119,1a</subfield>
            <subfield code="z">119(1993):1a</subfield>
         </datafield>
         <datafield tag="949" ind1=" " ind2=" ">
            <subfield code="B">IDSSG</subfield>
            <subfield code="F">HSG</subfield>
            <subfield code="c">BURON</subfield>
            <subfield code="j">PB 3060 -119,1b</subfield>
            <subfield code="z">119(1993):1b</subfield>
         </datafield>
         <datafield tag="949" ind1=" " ind2=" ">
            <subfield code="B">IDSSG</subfield>
            <subfield code="F">HSG</subfield>
            <subfield code="c">BURON</subfield>
            <subfield code="j">PB 3060 -119,2</subfield>
            <subfield code="z">119(1993):2</subfield>
         </datafield>
         <datafield tag="949" ind1=" " ind2=" ">
            <subfield code="B">IDSSG</subfield>
            <subfield code="F">HSG</subfield>
            <subfield code="c">BURON</subfield>
            <subfield code="j">PB 3060 -119,3</subfield>
            <subfield code="z">119(1993):3</subfield>
         </datafield>
         <datafield tag="949" ind1=" " ind2=" ">
            <subfield code="B">IDSSG</subfield>
            <subfield code="F">HSG</subfield>
            <subfield code="c">BURON</subfield>
            <subfield code="j">PB 3060 -119,4</subfield>
            <subfield code="z">119(1993):4</subfield>
         </datafield>
         <datafield tag="949" ind1=" " ind2=" ">
            <subfield code="B">IDSSG</subfield>
            <subfield code="F">HSG</subfield>
            <subfield code="c">BURON</subfield>
            <subfield code="j">PB 3060 -119,5</subfield>
            <subfield code="z">119(1993):5</subfield>
         </datafield>
         <datafield tag="949" ind1=" " ind2=" ">
            <subfield code="B">IDSSG</subfield>
            <subfield code="F">HSG</subfield>
            <subfield code="c">BURON</subfield>
            <subfield code="j">PB 3060 -120,1a</subfield>
         </datafield>
         <datafield tag="949" ind1=" " ind2=" ">
            <subfield code="B">IDSSG</subfield>
            <subfield code="F">HSG</subfield>
            <subfield code="c">BURON</subfield>
            <subfield code="j">PB 3060 -120,1b</subfield>
            <subfield code="z">120(1994):1b</subfield>
         </datafield>
         <datafield tag="949" ind1=" " ind2=" ">
            <subfield code="B">IDSSG</subfield>
            <subfield code="F">HSG</subfield>
            <subfield code="c">BURON</subfield>
            <subfield code="j">PB 3060 -120,2+3</subfield>
            <subfield code="z">120(1994):2</subfield>
         </datafield>
         <datafield tag="949" ind1=" " ind2=" ">
            <subfield code="B">IDSSG</subfield>
            <subfield code="F">HSG</subfield>
            <subfield code="c">BURON</subfield>
            <subfield code="j">PB 3060 -120,3</subfield>
            <subfield code="z">120(1994):3</subfield>
         </datafield>
         <datafield tag="949" ind1=" " ind2=" ">
            <subfield code="B">IDSSG</subfield>
            <subfield code="F">HSG</subfield>
            <subfield code="c">BURON</subfield>
            <subfield code="j">PB 3060 -120,4+2</subfield>
            <subfield code="z">120(1994):4</subfield>
         </datafield>
         <datafield tag="949" ind1=" " ind2=" ">
            <subfield code="B">IDSSG</subfield>
            <subfield code="F">HSG</subfield>
            <subfield code="c">BURON</subfield>
            <subfield code="j">PB 3060 -120,5</subfield>
            <subfield code="z">120(1994):5</subfield>
         </datafield>
         <datafield tag="949" ind1=" " ind2=" ">
            <subfield code="B">IDSSG</subfield>
            <subfield code="F">HSG</subfield>
            <subfield code="c">BURON</subfield>
            <subfield code="j">PB 3060 -121,1</subfield>
            <subfield code="z">121(1995):1</subfield>
         </datafield>
         <datafield tag="949" ind1=" " ind2=" ">
            <subfield code="B">IDSSG</subfield>
            <subfield code="F">HSG</subfield>
            <subfield code="c">BURON</subfield>
            <subfield code="j">PB 3060 -121,2</subfield>
            <subfield code="z">121(1995):2</subfield>
         </datafield>
         <datafield tag="949" ind1=" " ind2=" ">
            <subfield code="B">IDSSG</subfield>
            <subfield code="F">HSG</subfield>
            <subfield code="c">BURON</subfield>
            <subfield code="j">PB 3060 -121,3</subfield>
            <subfield code="z">121(1995):3</subfield>
         </datafield>
         <datafield tag="949" ind1=" " ind2=" ">
            <subfield code="B">IDSSG</subfield>
            <subfield code="F">HSG</subfield>
            <subfield code="c">BURON</subfield>
            <subfield code="j">PB 3060 -121,4</subfield>
            <subfield code="z">121(1995):4</subfield>
         </datafield>
         <datafield tag="949" ind1=" " ind2=" ">
            <subfield code="B">IDSSG</subfield>
            <subfield code="F">HSG</subfield>
            <subfield code="c">BURON</subfield>
            <subfield code="j">PB 3060 -121,5</subfield>
            <subfield code="z">121(1995):5</subfield>
         </datafield>
         <datafield tag="949" ind1=" " ind2=" ">
            <subfield code="B">IDSSG</subfield>
            <subfield code="F">HSG</subfield>
            <subfield code="c">OG</subfield>
            <subfield code="j">PB 3060 -122,1</subfield>
            <subfield code="z">122(1996):1</subfield>
         </datafield>
         <datafield tag="949" ind1=" " ind2=" ">
            <subfield code="B">IDSSG</subfield>
            <subfield code="F">HSG</subfield>
            <subfield code="c">OG</subfield>
            <subfield code="j">PB 3060 -122,2</subfield>
            <subfield code="z">122(1996):2</subfield>
         </datafield>
         <datafield tag="949" ind1=" " ind2=" ">
            <subfield code="B">IDSSG</subfield>
            <subfield code="F">HSG</subfield>
            <subfield code="c">OG</subfield>
            <subfield code="j">PB 3060 -122,3+2</subfield>
            <subfield code="z">122(1996):3</subfield>
         </datafield>
         <datafield tag="949" ind1=" " ind2=" ">
            <subfield code="B">IDSSG</subfield>
            <subfield code="F">HSG</subfield>
            <subfield code="c">OG</subfield>
            <subfield code="j">PB 3060 -122,4</subfield>
            <subfield code="z">122(1996):4</subfield>
         </datafield>
         <datafield tag="949" ind1=" " ind2=" ">
            <subfield code="B">IDSSG</subfield>
            <subfield code="F">HSG</subfield>
            <subfield code="c">OG</subfield>
            <subfield code="j">PB 3060 -122,5</subfield>
            <subfield code="z">122(1996):5</subfield>
         </datafield>
         <datafield tag="949" ind1=" " ind2=" ">
            <subfield code="B">IDSSG</subfield>
            <subfield code="F">HSG</subfield>
            <subfield code="c">OG</subfield>
            <subfield code="j">PB 3060 -123,1+2</subfield>
            <subfield code="z">123(1997):1</subfield>
         </datafield>
         <datafield tag="949" ind1=" " ind2=" ">
            <subfield code="B">IDSSG</subfield>
            <subfield code="F">HSG</subfield>
            <subfield code="c">OG</subfield>
            <subfield code="j">PB 3060 -123,2+2</subfield>
            <subfield code="z">123(1997):2</subfield>
         </datafield>
         <datafield tag="949" ind1=" " ind2=" ">
            <subfield code="B">IDSSG</subfield>
            <subfield code="F">HSG</subfield>
            <subfield code="c">OG</subfield>
            <subfield code="j">PB 3060 -123,3</subfield>
            <subfield code="z">123(1997):3</subfield>
         </datafield>
         <datafield tag="949" ind1=" " ind2=" ">
            <subfield code="B">IDSSG</subfield>
            <subfield code="F">HSG</subfield>
            <subfield code="c">OG</subfield>
            <subfield code="j">PB 3060 -123,4</subfield>
            <subfield code="z">123(1997):4</subfield>
         </datafield>
         <datafield tag="949" ind1=" " ind2=" ">
            <subfield code="B">IDSSG</subfield>
            <subfield code="F">HSG</subfield>
            <subfield code="c">OG</subfield>
            <subfield code="j">PB 3060 -123,5+2</subfield>
            <subfield code="z">123(1997):5</subfield>
         </datafield>
         <datafield tag="949" ind1=" " ind2=" ">
            <subfield code="B">IDSSG</subfield>
            <subfield code="F">HSG</subfield>
            <subfield code="c">OG</subfield>
            <subfield code="j">PB 3060 -124,1</subfield>
            <subfield code="z">124(1998):1</subfield>
         </datafield>
         <datafield tag="949" ind1=" " ind2=" ">
            <subfield code="B">IDSSG</subfield>
            <subfield code="F">HSG</subfield>
            <subfield code="c">OG</subfield>
            <subfield code="j">PB 3060 -124,2</subfield>
            <subfield code="z">124(1998):2</subfield>
         </datafield>
         <datafield tag="949" ind1=" " ind2=" ">
            <subfield code="B">IDSSG</subfield>
            <subfield code="F">HSG</subfield>
            <subfield code="c">OG</subfield>
            <subfield code="j">PB 3060 -124,3</subfield>
            <subfield code="z">124(1998):3</subfield>
         </datafield>
         <datafield tag="949" ind1=" " ind2=" ">
            <subfield code="B">IDSSG</subfield>
            <subfield code="F">HSG</subfield>
            <subfield code="c">OG</subfield>
            <subfield code="j">PB 3060 -124,4</subfield>
            <subfield code="z">124(1998):4</subfield>
         </datafield>
         <datafield tag="949" ind1=" " ind2=" ">
            <subfield code="B">IDSSG</subfield>
            <subfield code="F">HSG</subfield>
            <subfield code="c">OG</subfield>
            <subfield code="j">PB 3060 -124,5</subfield>
            <subfield code="z">124(1998):5</subfield>
         </datafield>
         <datafield tag="949" ind1=" " ind2=" ">
            <subfield code="B">IDSSG</subfield>
            <subfield code="F">HSG</subfield>
            <subfield code="c">OG</subfield>
            <subfield code="j">PB 3060 -142,5</subfield>
            <subfield code="z">Bd. 142 (2016), Teil 5</subfield>
         </datafield>
         <datafield tag="949" ind1=" " ind2=" ">
            <subfield code="B">IDSSG</subfield>
            <subfield code="F">HSG</subfield>
            <subfield code="c">OG</subfield>
            <subfield code="j">PB 3060 -141,5</subfield>
            <subfield code="z">Bd. 141 (2015), Teil 5</subfield>
         </datafield>
         <datafield tag="949" ind1=" " ind2=" ">
            <subfield code="B">IDSSG</subfield>
            <subfield code="F">HSG</subfield>
            <subfield code="c">OG</subfield>
            <subfield code="j">PB 3060 -140,5</subfield>
            <subfield code="z">Bd. 140 (2014), Teil 5</subfield>
         </datafield>
         <datafield tag="949" ind1=" " ind2=" ">
            <subfield code="B">IDSSG</subfield>
            <subfield code="F">HSG</subfield>
            <subfield code="c">OG</subfield>
            <subfield code="j">PB 3060 -139,5</subfield>
            <subfield code="z">Bd. 139 (2013), Teil 5</subfield>
         </datafield>
         <datafield tag="949" ind1=" " ind2=" ">
            <subfield code="B">IDSSG</subfield>
            <subfield code="F">HSG</subfield>
            <subfield code="c">OG</subfield>
            <subfield code="j">PB 3060 -138,5</subfield>
            <subfield code="z">Bd. 138 (2012), Teil 5</subfield>
         </datafield>
         <datafield tag="949" ind1=" " ind2=" ">
            <subfield code="B">IDSSG</subfield>
            <subfield code="F">HSG</subfield>
            <subfield code="c">OG</subfield>
            <subfield code="j">PB 3060 -137,5</subfield>
            <subfield code="z">Bd. 137 (2011), Teil 5</subfield>
         </datafield>
         <datafield tag="949" ind1=" " ind2=" ">
            <subfield code="B">IDSSG</subfield>
            <subfield code="F">HSG</subfield>
            <subfield code="c">OG</subfield>
            <subfield code="j">PB 3060 -136,5</subfield>
            <subfield code="z">Bd. 136 (2010), Teil 5</subfield>
         </datafield>
         <datafield tag="949" ind1=" " ind2=" ">
            <subfield code="B">IDSSG</subfield>
            <subfield code="F">HSG</subfield>
            <subfield code="c">OG</subfield>
            <subfield code="j">PB 3060 -135,5</subfield>
            <subfield code="z">Bd. 135 (2009), Teil 5</subfield>
         </datafield>
         <datafield tag="949" ind1=" " ind2=" ">
            <subfield code="B">IDSSG</subfield>
            <subfield code="F">HSG</subfield>
            <subfield code="c">OG</subfield>
            <subfield code="j">PB 3060 -134,5</subfield>
            <subfield code="z">Bd. 134 (2008), Teil 5</subfield>
         </datafield>
         <datafield tag="949" ind1=" " ind2=" ">
            <subfield code="B">IDSSG</subfield>
            <subfield code="F">HSG</subfield>
            <subfield code="c">OG</subfield>
            <subfield code="j">PB 3060 -133,5</subfield>
            <subfield code="z">Bd. 133 (2007), Teil 5</subfield>
         </datafield>
         <datafield tag="949" ind1=" " ind2=" ">
            <subfield code="B">IDSSG</subfield>
            <subfield code="F">HSG</subfield>
            <subfield code="c">OG</subfield>
            <subfield code="j">PB 3060 -132,5</subfield>
            <subfield code="z">Bd. 132 (2006), Teil 5</subfield>
         </datafield>
         <datafield tag="949" ind1=" " ind2=" ">
            <subfield code="B">IDSSG</subfield>
            <subfield code="F">HSG</subfield>
            <subfield code="c">OG</subfield>
            <subfield code="j">PB 3060 -131,5</subfield>
            <subfield code="z">Bd. 131 (2005), Teil 5</subfield>
         </datafield>
         <datafield tag="949" ind1=" " ind2=" ">
            <subfield code="B">IDSSG</subfield>
            <subfield code="F">HSG</subfield>
            <subfield code="c">OG</subfield>
            <subfield code="j">PB 3060 -130,5+3</subfield>
            <subfield code="z">Bd. 130 (2004), Teil 5</subfield>
         </datafield>
         <datafield tag="949" ind1=" " ind2=" ">
            <subfield code="B">IDSSG</subfield>
            <subfield code="F">HSG</subfield>
            <subfield code="c">OG</subfield>
            <subfield code="j">PB 3060 -129,5</subfield>
            <subfield code="z">Bd. 129 (2003), Teil 5</subfield>
         </datafield>
         <datafield tag="949" ind1=" " ind2=" ">
            <subfield code="B">IDSSG</subfield>
            <subfield code="F">HSG</subfield>
            <subfield code="c">OG</subfield>
            <subfield code="j">PB 3060 -128,5</subfield>
            <subfield code="z">Bd. 128 (2002), Teil 5</subfield>
         </datafield>
         <datafield tag="949" ind1=" " ind2=" ">
            <subfield code="B">IDSSG</subfield>
            <subfield code="F">HSG</subfield>
            <subfield code="c">OG</subfield>
            <subfield code="j">PB 3060 -127,5</subfield>
            <subfield code="z">Bd. 127 (2001), Teil 5</subfield>
         </datafield>
         <datafield tag="949" ind1=" " ind2=" ">
            <subfield code="B">IDSSG</subfield>
            <subfield code="F">HSG</subfield>
            <subfield code="c">OG</subfield>
            <subfield code="j">PB 3060 -126,5+2</subfield>
            <subfield code="z">Bd. 126 (2000), Teil 5</subfield>
         </datafield>
         <datafield tag="949" ind1=" " ind2=" ">
            <subfield code="B">IDSSG</subfield>
            <subfield code="F">HSG</subfield>
            <subfield code="c">OG</subfield>
            <subfield code="j">PB 3060 -125,5</subfield>
            <subfield code="z">Bd. 125 (1999), Teil 5</subfield>
         </datafield>
         <datafield tag="949" ind1=" " ind2=" ">
            <subfield code="B">IDSSG</subfield>
            <subfield code="F">HSG</subfield>
            <subfield code="c">OG</subfield>
            <subfield code="j">PB 3060 -142,4</subfield>
            <subfield code="z">Bd. 142 (2016), Teil 4</subfield>
         </datafield>
         <datafield tag="949" ind1=" " ind2=" ">
            <subfield code="B">IDSSG</subfield>
            <subfield code="F">HSG</subfield>
            <subfield code="c">OG</subfield>
            <subfield code="j">PB 3060 -141,4</subfield>
            <subfield code="z">Bd. 141 (2015), Teil 4</subfield>
         </datafield>
         <datafield tag="949" ind1=" " ind2=" ">
            <subfield code="B">IDSSG</subfield>
            <subfield code="F">HSG</subfield>
            <subfield code="c">OG</subfield>
            <subfield code="j">PB 3060 -140,4</subfield>
            <subfield code="z">Bd. 140 (2014), Teil 4</subfield>
         </datafield>
         <datafield tag="949" ind1=" " ind2=" ">
            <subfield code="B">IDSSG</subfield>
            <subfield code="F">HSG</subfield>
            <subfield code="c">OG</subfield>
            <subfield code="j">PB 3060 -139,4</subfield>
            <subfield code="z">Bd. 139 (2013), Teil 4</subfield>
         </datafield>
         <datafield tag="949" ind1=" " ind2=" ">
            <subfield code="B">IDSSG</subfield>
            <subfield code="F">HSG</subfield>
            <subfield code="c">OG</subfield>
            <subfield code="j">PB 3060 -138,4</subfield>
            <subfield code="z">Bd. 138 (2012), Teil 4</subfield>
         </datafield>
         <datafield tag="949" ind1=" " ind2=" ">
            <subfield code="B">IDSSG</subfield>
            <subfield code="F">HSG</subfield>
            <subfield code="c">OG</subfield>
            <subfield code="j">PB 3060 -137,4</subfield>
            <subfield code="z">Bd. 137 (2011), Teil 4</subfield>
         </datafield>
         <datafield tag="949" ind1=" " ind2=" ">
            <subfield code="B">IDSSG</subfield>
            <subfield code="F">HSG</subfield>
            <subfield code="c">OG</subfield>
            <subfield code="j">PB 3060 -136,4</subfield>
            <subfield code="z">Bd. 136 (2010), Teil 4</subfield>
         </datafield>
         <datafield tag="949" ind1=" " ind2=" ">
            <subfield code="B">IDSSG</subfield>
            <subfield code="F">HSG</subfield>
            <subfield code="c">OG</subfield>
            <subfield code="j">PB 3060 -135,4</subfield>
            <subfield code="z">Bd. 135 (2009), Teil 4</subfield>
         </datafield>
         <datafield tag="949" ind1=" " ind2=" ">
            <subfield code="B">IDSSG</subfield>
            <subfield code="F">HSG</subfield>
            <subfield code="c">OG</subfield>
            <subfield code="j">PB 3060 -134,4</subfield>
            <subfield code="z">Bd. 134 (2008), Teil 4</subfield>
         </datafield>
         <datafield tag="949" ind1=" " ind2=" ">
            <subfield code="B">IDSSG</subfield>
            <subfield code="F">HSG</subfield>
            <subfield code="c">OG</subfield>
            <subfield code="j">PB 3060 -133,4</subfield>
            <subfield code="z">Bd. 133 (2007), Teil 4</subfield>
         </datafield>
         <datafield tag="949" ind1=" " ind2=" ">
            <subfield code="B">IDSSG</subfield>
            <subfield code="F">HSG</subfield>
            <subfield code="c">OG</subfield>
            <subfield code="j">PB 3060 -132,4</subfield>
            <subfield code="z">Bd. 132 (2006), Teil 4</subfield>
         </datafield>
         <datafield tag="949" ind1=" " ind2=" ">
            <subfield code="B">IDSSG</subfield>
            <subfield code="F">HSG</subfield>
            <subfield code="c">OG</subfield>
            <subfield code="j">PB 3060 -131,4</subfield>
            <subfield code="z">Bd. 131 (2005), Teil 4</subfield>
         </datafield>
         <datafield tag="949" ind1=" " ind2=" ">
            <subfield code="B">IDSSG</subfield>
            <subfield code="F">HSG</subfield>
            <subfield code="c">OG</subfield>
            <subfield code="j">PB 3060 -130,4</subfield>
            <subfield code="z">Bd. 130 (2004), Teil 4</subfield>
         </datafield>
         <datafield tag="949" ind1=" " ind2=" ">
            <subfield code="B">IDSSG</subfield>
            <subfield code="F">HSG</subfield>
            <subfield code="c">OG</subfield>
            <subfield code="j">PB 3060 -129,4+3</subfield>
            <subfield code="z">Bd. 129 (2003), Teil 4</subfield>
         </datafield>
         <datafield tag="949" ind1=" " ind2=" ">
            <subfield code="B">IDSSG</subfield>
            <subfield code="F">HSG</subfield>
            <subfield code="c">OG</subfield>
            <subfield code="j">PB 3060 -128,4</subfield>
            <subfield code="z">Bd. 128 (2002), Teil 4</subfield>
         </datafield>
         <datafield tag="949" ind1=" " ind2=" ">
            <subfield code="B">IDSSG</subfield>
            <subfield code="F">HSG</subfield>
            <subfield code="c">OG</subfield>
            <subfield code="j">PB 3060 -127,4</subfield>
            <subfield code="z">Bd. 127 (2001), Teil 4</subfield>
         </datafield>
         <datafield tag="949" ind1=" " ind2=" ">
            <subfield code="B">IDSSG</subfield>
            <subfield code="F">HSG</subfield>
            <subfield code="c">OG</subfield>
            <subfield code="j">PB 3060 -126,4+2</subfield>
            <subfield code="z">Bd. 126 (2000), Teil 4</subfield>
         </datafield>
         <datafield tag="949" ind1=" " ind2=" ">
            <subfield code="B">IDSSG</subfield>
            <subfield code="F">HSG</subfield>
            <subfield code="c">OG</subfield>
            <subfield code="j">PB 3060 -125,4</subfield>
            <subfield code="z">Bd. 125 (1999), Teil 4</subfield>
         </datafield>
         <datafield tag="949" ind1=" " ind2=" ">
            <subfield code="B">IDSSG</subfield>
            <subfield code="F">HSG</subfield>
            <subfield code="c">OG</subfield>
            <subfield code="j">PB 3060 -142,3</subfield>
            <subfield code="z">Bd. 142 (2016), Teil 3</subfield>
         </datafield>
         <datafield tag="949" ind1=" " ind2=" ">
            <subfield code="B">IDSSG</subfield>
            <subfield code="F">HSG</subfield>
            <subfield code="c">OG</subfield>
            <subfield code="j">PB 3060 -141,3</subfield>
            <subfield code="z">Bd. 141 (2015), Teil 3</subfield>
         </datafield>
         <datafield tag="949" ind1=" " ind2=" ">
            <subfield code="B">IDSSG</subfield>
            <subfield code="F">HSG</subfield>
            <subfield code="c">OG</subfield>
            <subfield code="j">PB 3060 -140,3</subfield>
            <subfield code="z">Bd. 140 (2014), Teil 3</subfield>
         </datafield>
         <datafield tag="949" ind1=" " ind2=" ">
            <subfield code="B">IDSSG</subfield>
            <subfield code="F">HSG</subfield>
            <subfield code="c">OG</subfield>
            <subfield code="j">PB 3060 -139,3</subfield>
            <subfield code="z">Bd. 139 (2013), Teil 3</subfield>
         </datafield>
         <datafield tag="949" ind1=" " ind2=" ">
            <subfield code="B">IDSSG</subfield>
            <subfield code="F">HSG</subfield>
            <subfield code="c">OG</subfield>
            <subfield code="j">PB 3060 -138,3</subfield>
            <subfield code="z">Bd. 138 (2012), Teil 3</subfield>
         </datafield>
         <datafield tag="949" ind1=" " ind2=" ">
            <subfield code="B">IDSSG</subfield>
            <subfield code="F">HSG</subfield>
            <subfield code="c">OG</subfield>
            <subfield code="j">PB 3060 -137,3</subfield>
            <subfield code="z">Bd. 137 (2011), Teil 3</subfield>
         </datafield>
         <datafield tag="949" ind1=" " ind2=" ">
            <subfield code="B">IDSSG</subfield>
            <subfield code="F">HSG</subfield>
            <subfield code="c">OG</subfield>
            <subfield code="j">PB 3060 -136,3</subfield>
            <subfield code="z">Bd. 136 (2010), Teil 3</subfield>
         </datafield>
         <datafield tag="949" ind1=" " ind2=" ">
            <subfield code="B">IDSSG</subfield>
            <subfield code="F">HSG</subfield>
            <subfield code="c">OG</subfield>
            <subfield code="j">PB 3060 -135,3</subfield>
            <subfield code="z">Bd. 135 (2009), Teil 3</subfield>
         </datafield>
         <datafield tag="949" ind1=" " ind2=" ">
            <subfield code="B">IDSSG</subfield>
            <subfield code="F">HSG</subfield>
            <subfield code="c">OG</subfield>
            <subfield code="j">PB 3060 -134,3</subfield>
            <subfield code="z">Bd. 134 (2008), Teil 3</subfield>
         </datafield>
         <datafield tag="949" ind1=" " ind2=" ">
            <subfield code="B">IDSSG</subfield>
            <subfield code="F">HSG</subfield>
            <subfield code="c">OG</subfield>
            <subfield code="j">PB 3060 -133,3</subfield>
            <subfield code="z">Bd. 133 (2007), Teil 3</subfield>
         </datafield>
         <datafield tag="949" ind1=" " ind2=" ">
            <subfield code="B">IDSSG</subfield>
            <subfield code="F">HSG</subfield>
            <subfield code="c">OG</subfield>
            <subfield code="j">PB 3060 -132,3</subfield>
            <subfield code="z">Bd. 132 (2006), Teil 3</subfield>
         </datafield>
         <datafield tag="949" ind1=" " ind2=" ">
            <subfield code="B">IDSSG</subfield>
            <subfield code="F">HSG</subfield>
            <subfield code="c">OG</subfield>
            <subfield code="j">PB 3060 -131,3</subfield>
            <subfield code="z">Bd. 131 (2005), Teil 3</subfield>
         </datafield>
         <datafield tag="949" ind1=" " ind2=" ">
            <subfield code="B">IDSSG</subfield>
            <subfield code="F">HSG</subfield>
            <subfield code="c">OG</subfield>
            <subfield code="j">PB 3060 -130,3</subfield>
            <subfield code="z">Bd. 130 (2004), Teil 3</subfield>
         </datafield>
         <datafield tag="949" ind1=" " ind2=" ">
            <subfield code="B">IDSSG</subfield>
            <subfield code="F">HSG</subfield>
            <subfield code="c">OG</subfield>
            <subfield code="j">PB 3060 -129,3+2</subfield>
            <subfield code="z">Bd. 129 (2003), Teil 3</subfield>
         </datafield>
         <datafield tag="949" ind1=" " ind2=" ">
            <subfield code="B">IDSSG</subfield>
            <subfield code="F">HSG</subfield>
            <subfield code="c">OG</subfield>
            <subfield code="j">PB 3060 -128,3</subfield>
            <subfield code="z">Bd. 128 (2002), Teil 3</subfield>
         </datafield>
         <datafield tag="949" ind1=" " ind2=" ">
            <subfield code="B">IDSSG</subfield>
            <subfield code="F">HSG</subfield>
            <subfield code="c">OG</subfield>
            <subfield code="j">PB 3060 -127,3</subfield>
            <subfield code="z">Bd. 127 (2001), Teil 3</subfield>
         </datafield>
         <datafield tag="949" ind1=" " ind2=" ">
            <subfield code="B">IDSSG</subfield>
            <subfield code="F">HSG</subfield>
            <subfield code="c">OG</subfield>
            <subfield code="j">PB 3060 -126,3+2</subfield>
            <subfield code="z">Bd. 126 (2000), Teil 3</subfield>
         </datafield>
         <datafield tag="949" ind1=" " ind2=" ">
            <subfield code="B">IDSSG</subfield>
            <subfield code="F">HSG</subfield>
            <subfield code="c">OG</subfield>
            <subfield code="j">PB 3060 -125,3</subfield>
            <subfield code="z">Bd. 125 (1999), Teil 3</subfield>
         </datafield>
         <datafield tag="949" ind1=" " ind2=" ">
            <subfield code="B">IDSSG</subfield>
            <subfield code="F">HSG</subfield>
            <subfield code="c">OG</subfield>
            <subfield code="j">PB 3060 -142,2</subfield>
            <subfield code="z">Bd. 142 (2016), Teil 2</subfield>
         </datafield>
         <datafield tag="949" ind1=" " ind2=" ">
            <subfield code="B">IDSSG</subfield>
            <subfield code="F">HSG</subfield>
            <subfield code="c">OG</subfield>
            <subfield code="j">PB 3060 -141,2</subfield>
            <subfield code="z">Bd. 141 (2015), Teil 2</subfield>
         </datafield>
         <datafield tag="949" ind1=" " ind2=" ">
            <subfield code="B">IDSSG</subfield>
            <subfield code="F">HSG</subfield>
            <subfield code="c">OG</subfield>
            <subfield code="j">PB 3060 -140,2</subfield>
            <subfield code="z">Bd. 140 (2014), Teil 2</subfield>
         </datafield>
         <datafield tag="949" ind1=" " ind2=" ">
            <subfield code="B">IDSSG</subfield>
            <subfield code="F">HSG</subfield>
            <subfield code="c">OG</subfield>
            <subfield code="j">PB 3060 -139,2</subfield>
            <subfield code="z">Bd. 139 (2013), Teil 2</subfield>
         </datafield>
         <datafield tag="949" ind1=" " ind2=" ">
            <subfield code="B">IDSSG</subfield>
            <subfield code="F">HSG</subfield>
            <subfield code="c">OG</subfield>
            <subfield code="j">PB 3060 -138,2</subfield>
            <subfield code="z">Bd. 138 (2012), Teil 2</subfield>
         </datafield>
         <datafield tag="949" ind1=" " ind2=" ">
            <subfield code="B">IDSSG</subfield>
            <subfield code="F">HSG</subfield>
            <subfield code="c">OG</subfield>
            <subfield code="j">PB 3060 -137,2</subfield>
            <subfield code="z">Bd. 137 (2011), Teil 2</subfield>
         </datafield>
         <datafield tag="949" ind1=" " ind2=" ">
            <subfield code="B">IDSSG</subfield>
            <subfield code="F">HSG</subfield>
            <subfield code="c">OG</subfield>
            <subfield code="j">PB 3060 -136,2</subfield>
            <subfield code="z">Bd. 136 (2010), Teil 2</subfield>
         </datafield>
         <datafield tag="949" ind1=" " ind2=" ">
            <subfield code="B">IDSSG</subfield>
            <subfield code="F">HSG</subfield>
            <subfield code="c">OG</subfield>
            <subfield code="j">PB 3060 -135,2</subfield>
            <subfield code="z">Bd. 135 (2009), Teil 2</subfield>
         </datafield>
         <datafield tag="949" ind1=" " ind2=" ">
            <subfield code="B">IDSSG</subfield>
            <subfield code="F">HSG</subfield>
            <subfield code="c">OG</subfield>
            <subfield code="j">PB 3060 -134,2</subfield>
            <subfield code="z">Bd. 134 (2008), Teil 2</subfield>
         </datafield>
         <datafield tag="949" ind1=" " ind2=" ">
            <subfield code="B">IDSSG</subfield>
            <subfield code="F">HSG</subfield>
            <subfield code="c">OG</subfield>
            <subfield code="j">PB 3060 -133,2+2</subfield>
            <subfield code="z">Bd. 133 (2007), Teil 2</subfield>
         </datafield>
         <datafield tag="949" ind1=" " ind2=" ">
            <subfield code="B">IDSSG</subfield>
            <subfield code="F">HSG</subfield>
            <subfield code="c">OG</subfield>
            <subfield code="j">PB 3060 -132,2</subfield>
            <subfield code="z">Bd. 132 (2006), Teil 2</subfield>
         </datafield>
         <datafield tag="949" ind1=" " ind2=" ">
            <subfield code="B">IDSSG</subfield>
            <subfield code="F">HSG</subfield>
            <subfield code="c">OG</subfield>
            <subfield code="j">PB 3060 -131,2+2</subfield>
            <subfield code="z">Bd. 131 (2005), Teil 2</subfield>
         </datafield>
         <datafield tag="949" ind1=" " ind2=" ">
            <subfield code="B">IDSSG</subfield>
            <subfield code="F">HSG</subfield>
            <subfield code="c">OG</subfield>
            <subfield code="j">PB 3060 -130,2</subfield>
            <subfield code="z">Bd. 130 (2004), Teil 2</subfield>
         </datafield>
         <datafield tag="949" ind1=" " ind2=" ">
            <subfield code="B">IDSSG</subfield>
            <subfield code="F">HSG</subfield>
            <subfield code="c">OG</subfield>
            <subfield code="j">PB 3060 -129,2</subfield>
            <subfield code="z">Bd. 129 (2003), Teil 2</subfield>
         </datafield>
         <datafield tag="949" ind1=" " ind2=" ">
            <subfield code="B">IDSSG</subfield>
            <subfield code="F">HSG</subfield>
            <subfield code="c">OG</subfield>
            <subfield code="j">PB 3060 -128,2</subfield>
            <subfield code="z">Bd. 128 (2002), Teil 2</subfield>
         </datafield>
         <datafield tag="949" ind1=" " ind2=" ">
            <subfield code="B">IDSSG</subfield>
            <subfield code="F">HSG</subfield>
            <subfield code="c">OG</subfield>
            <subfield code="j">PB 3060 -127,2</subfield>
            <subfield code="z">Bd. 127 (2001), Teil 2</subfield>
         </datafield>
         <datafield tag="949" ind1=" " ind2=" ">
            <subfield code="B">IDSSG</subfield>
            <subfield code="F">HSG</subfield>
            <subfield code="c">OG</subfield>
            <subfield code="j">PB 3060 -126,2+2</subfield>
            <subfield code="z">Bd. 126 (2000), Teil 2</subfield>
         </datafield>
         <datafield tag="949" ind1=" " ind2=" ">
            <subfield code="B">IDSSG</subfield>
            <subfield code="F">HSG</subfield>
            <subfield code="c">OG</subfield>
            <subfield code="j">PB 3060 -125,2</subfield>
            <subfield code="z">Bd. 125 (1999), Teil 2</subfield>
         </datafield>
         <datafield tag="949" ind1=" " ind2=" ">
            <subfield code="B">IDSSG</subfield>
            <subfield code="F">HSG</subfield>
            <subfield code="c">OG</subfield>
            <subfield code="j">PB 3060 -125,1</subfield>
            <subfield code="z">Bd. 125 (1999), Teil 1</subfield>
         </datafield>
         <datafield tag="949" ind1=" " ind2=" ">
            <subfield code="B">IDSSG</subfield>
            <subfield code="F">HSG</subfield>
            <subfield code="c">OG</subfield>
            <subfield code="j">PB 3060 -126,1</subfield>
            <subfield code="z">Bd. 126 (2000), Teil 1</subfield>
         </datafield>
         <datafield tag="949" ind1=" " ind2=" ">
            <subfield code="B">IDSSG</subfield>
            <subfield code="F">HSG</subfield>
            <subfield code="c">OG</subfield>
            <subfield code="j">PB 3060 -127,1</subfield>
            <subfield code="z">Bd. 127 (2001), Teil 1</subfield>
         </datafield>
         <datafield tag="949" ind1=" " ind2=" ">
            <subfield code="B">IDSSG</subfield>
            <subfield code="F">HSG</subfield>
            <subfield code="c">OG</subfield>
            <subfield code="j">PB 3060 -128,1+2</subfield>
            <subfield code="z">Bd. 128 (2002), Teil 1</subfield>
         </datafield>
         <datafield tag="949" ind1=" " ind2=" ">
            <subfield code="B">IDSSG</subfield>
            <subfield code="F">HSG</subfield>
            <subfield code="c">OG</subfield>
            <subfield code="j">PB 3060 -129,1</subfield>
            <subfield code="z">Bd. 129 (2003), Teil 1</subfield>
         </datafield>
         <datafield tag="949" ind1=" " ind2=" ">
            <subfield code="B">IDSSG</subfield>
            <subfield code="F">HSG</subfield>
            <subfield code="c">OG</subfield>
            <subfield code="j">PB 3060 -130,1+3</subfield>
            <subfield code="z">Bd. 130 (2004), Teil 1</subfield>
         </datafield>
         <datafield tag="949" ind1=" " ind2=" ">
            <subfield code="B">IDSSG</subfield>
            <subfield code="F">HSG</subfield>
            <subfield code="c">OG</subfield>
            <subfield code="j">PB 3060 -131,1</subfield>
            <subfield code="z">Bd. 131 (2005), Teil 1</subfield>
         </datafield>
         <datafield tag="949" ind1=" " ind2=" ">
            <subfield code="B">IDSSG</subfield>
            <subfield code="F">HSG</subfield>
            <subfield code="c">OG</subfield>
            <subfield code="j">PB 3060 -132,1</subfield>
            <subfield code="z">Bd. 132 (2006), Teil 1</subfield>
         </datafield>
         <datafield tag="949" ind1=" " ind2=" ">
            <subfield code="B">IDSSG</subfield>
            <subfield code="F">HSG</subfield>
            <subfield code="c">OG</subfield>
            <subfield code="j">PB 3060 -133,1</subfield>
            <subfield code="z">Bd. 133 (2007), Teil 1</subfield>
         </datafield>
         <datafield tag="949" ind1=" " ind2=" ">
            <subfield code="B">IDSSG</subfield>
            <subfield code="F">HSG</subfield>
            <subfield code="c">OG</subfield>
            <subfield code="j">PB 3060 -134,1</subfield>
            <subfield code="z">Bd. 134 (2008), Teil 1</subfield>
         </datafield>
         <datafield tag="949" ind1=" " ind2=" ">
            <subfield code="B">IDSSG</subfield>
            <subfield code="F">HSG</subfield>
            <subfield code="c">OG</subfield>
            <subfield code="j">PB 3060 -135,1</subfield>
            <subfield code="z">Bd. 135 (2009), Teil 1</subfield>
         </datafield>
         <datafield tag="949" ind1=" " ind2=" ">
            <subfield code="B">IDSSG</subfield>
            <subfield code="F">HSG</subfield>
            <subfield code="c">OG</subfield>
            <subfield code="j">PB 3060 -136,1</subfield>
            <subfield code="z">Bd. 136 (2010), Teil 1</subfield>
         </datafield>
         <datafield tag="949" ind1=" " ind2=" ">
            <subfield code="B">IDSSG</subfield>
            <subfield code="F">HSG</subfield>
            <subfield code="c">OG</subfield>
            <subfield code="j">PB 3060 -137,1</subfield>
            <subfield code="z">Bd. 137 (2011), Teil 1</subfield>
         </datafield>
         <datafield tag="949" ind1=" " ind2=" ">
            <subfield code="B">IDSSG</subfield>
            <subfield code="F">HSG</subfield>
            <subfield code="c">OG</subfield>
            <subfield code="j">PB 3060 -138,1</subfield>
            <subfield code="z">Bd. 138 (2012), Teil 1</subfield>
         </datafield>
         <datafield tag="949" ind1=" " ind2=" ">
            <subfield code="B">IDSSG</subfield>
            <subfield code="F">HSG</subfield>
            <subfield code="c">OG</subfield>
            <subfield code="j">PB 3060 -139,1</subfield>
            <subfield code="z">Bd. 139 (2013), Teil 1</subfield>
         </datafield>
         <datafield tag="949" ind1=" " ind2=" ">
            <subfield code="B">IDSSG</subfield>
            <subfield code="F">HSG</subfield>
            <subfield code="c">OG</subfield>
            <subfield code="j">PB 3060 -140,1</subfield>
            <subfield code="z">Bd. 140 (2014), Teil 1</subfield>
         </datafield>
         <datafield tag="949" ind1=" " ind2=" ">
            <subfield code="B">IDSSG</subfield>
            <subfield code="F">HSG</subfield>
            <subfield code="c">OG</subfield>
            <subfield code="j">PB 3060 -141,1</subfield>
            <subfield code="z">Bd. 141 (2015), Teil 1</subfield>
         </datafield>
         <datafield tag="949" ind1=" " ind2=" ">
            <subfield code="B">IDSSG</subfield>
            <subfield code="F">HSG</subfield>
            <subfield code="c">OG</subfield>
            <subfield code="j">PB 3060 -142,1</subfield>
            <subfield code="z">Bd. 142 (2016), Teil 1</subfield>
         </datafield>
      <datafield tag="949" ind1=" " ind2=" "><subfield code="B">IDSSG</subfield><subfield code="F">HIFF</subfield><subfield code="c">BIB</subfield><subfield code="j">HB 104 Reg.</subfield></datafield></record>