
<record xmlns:xs="http://www.w3.org/2001/XMLSchema">
         <leader>     cas a22     u  4500</leader>
         <controlfield tag="001">359781721</controlfield>
         <controlfield tag="003">CHVBK</controlfield>
         <controlfield tag="005">20180807162552.0</controlfield>
         <controlfield tag="008">160415c19499999gw    p       1    |ger  </controlfield>
         <datafield tag="019" ind1=" " ind2=" ">
            <subfield code="a">ISBN's der einzelnen Bände werden nicht nachgeführt</subfield>
            <subfield code="5">SzZuIDS LU/25.1.2017/wo</subfield>
         </datafield>
         <datafield tag="022" ind1=" " ind2=" ">
            <subfield code="a">0081-5519</subfield>
         </datafield>
         <datafield tag="024" ind1="8" ind2=" ">
            <subfield code="a">9783504626624</subfield>
         </datafield>
         <datafield tag="035" ind1=" " ind2=" ">
            <subfield code="a">(IDSSG)000009624</subfield>
         </datafield>
         <datafield tag="035" ind1=" " ind2=" ">
            <subfield code="a">(IDSLU)001261697</subfield>
         </datafield>
         <datafield tag="035" ind1=" " ind2=" ">
            <subfield code="a">(NEBIS)007361193</subfield>
         </datafield>
         <datafield tag="040" ind1=" " ind2=" ">
            <subfield code="a">SzZuIDS HSG</subfield>
         </datafield>
         <datafield tag="082" ind1="0" ind2="4">
            <subfield code="a">343.4304</subfield>
            <subfield code="2">22/ger</subfield>
         </datafield>
         <datafield tag="084" ind1=" " ind2=" ">
            <subfield code="a">340</subfield>
            <subfield code="a">330</subfield>
            <subfield code="2">sdnb</subfield>
         </datafield>
         <datafield tag="245" ind1="0" ind2="0">
            <subfield code="a">Steuerberater-Jahrbuch</subfield>
            <subfield code="b">zugleich Bericht über den ... Fachkongress der Steuerberater</subfield>
            <subfield code="c">hrsg. im Auftrag d. Fachinstitutes der Steuerberater</subfield>
         </datafield>
         <datafield tag="246" ind1="1" ind2="3">
            <subfield code="a">Bericht über den ... Fachkongress der Steuerberater</subfield>
         </datafield>
         <datafield tag="246" ind1="1" ind2="3">
            <subfield code="a">StbJb</subfield>
         </datafield>
         <datafield tag="260" ind1=" " ind2=" ">
            <subfield code="a">Köln</subfield>
            <subfield code="b">Schmidt</subfield>
            <subfield code="c">1949-</subfield>
         </datafield>
         <datafield tag="310" ind1=" " ind2=" ">
            <subfield code="a">Jährlich</subfield>
         </datafield>
         <datafield tag="362" ind1="0" ind2=" ">
            <subfield code="a">1949(1950) - 1952(1953); 1953/54(1954) -</subfield>
         </datafield>
         <datafield tag="500" ind1=" " ind2=" ">
            <subfield code="a">Reg. für d. Jahrg. 1961/62-1973/74 im Jahrg. 1973/74, Reg. für d. Jahrg. 1974/75-1988/89 im Jahrg. 1988/89</subfield>
         </datafield>
         <datafield tag="500" ind1=" " ind2=" ">
            <subfield code="a">Bis Jg. 1976/77 Kongress unter dem Namen: Fachkongress der Steuerberater der Bundesrepublik Deutschland, von 1977/78 bis 1983/84 Fachkongress der Steuerberater des Bundesgebietes</subfield>
         </datafield>
         <datafield tag="650" ind1=" " ind2="7">
            <subfield code="a">Steuerrecht</subfield>
            <subfield code="0">(DE-588)4116614-0</subfield>
            <subfield code="2">gnd</subfield>
         </datafield>
         <datafield tag="651" ind1=" " ind2="7">
            <subfield code="a">Deutschland</subfield>
            <subfield code="0">(DE-588)4011882-4</subfield>
            <subfield code="2">gnd</subfield>
         </datafield>
         <datafield tag="655" ind1=" " ind2="7">
            <subfield code="a">Konferenzschrift</subfield>
            <subfield code="2">gnd-content</subfield>
         </datafield>
         <datafield tag="655" ind1=" " ind2="7">
            <subfield code="a">Zeitschrift</subfield>
            <subfield code="2">gnd</subfield>
         </datafield>
         <datafield tag="655" ind1=" " ind2="7">
            <subfield code="a">Kongress</subfield>
            <subfield code="2">gnd</subfield>
         </datafield>
         <datafield tag="690" ind1=" " ind2="7">
            <subfield code="B">u</subfield>
            <subfield code="a">H 2</subfield>
            <subfield code="d">Taxation, subsidies, and revenue = Steuern, Subventionen und Staatseinnahmen</subfield>
            <subfield code="2">idsuzh VJ</subfield>
         </datafield>
         <datafield tag="691" ind1=" " ind2="7">
            <subfield code="B">u</subfield>
            <subfield code="u">PC 54 D</subfield>
            <subfield code="2">idslu L1</subfield>
         </datafield>
         <datafield tag="710" ind1="2" ind2=" ">
            <subfield code="a">Fachinstitut der Steuerberater</subfield>
            <subfield code="g">Köln</subfield>
            <subfield code="0">(DE-588)1086407938</subfield>
         </datafield>
         <datafield tag="711" ind1="2" ind2=" ">
            <subfield code="a">Fachkongress der Steuerberater</subfield>
            <subfield code="0">(DE-588)1091853665</subfield>
         </datafield>
         <datafield tag="908" ind1=" " ind2=" ">
            <subfield code="D">1</subfield>
            <subfield code="b">Zeitschrift = Revue</subfield>
         </datafield>
         <datafield tag="909" ind1=" " ind2="7">
            <subfield code="a">NL201701</subfield>
            <subfield code="2">idslu L1</subfield>
         </datafield>
         <datafield tag="909" ind1=" " ind2="7">
            <subfield code="a">zbzzss201209e</subfield>
            <subfield code="c">keel</subfield>
            <subfield code="d">zbzswk201211b</subfield>
            <subfield code="e">bruu</subfield>
            <subfield code="2">idszbz Z2</subfield>
         </datafield>
         <datafield tag="912" ind1=" " ind2="7">
            <subfield code="a">824</subfield>
            <subfield code="2">IDS LU</subfield>
         </datafield>
         <datafield tag="912" ind1=" " ind2="7">
            <subfield code="a">ZB3423</subfield>
            <subfield code="2">Z01</subfield>
         </datafield>
         <datafield tag="913" ind1=" " ind2=" ">
            <subfield code="a">Kongress = Congrès</subfield>
            <subfield code="c">Köln</subfield>
         </datafield>
         <datafield tag="950" ind1=" " ind2=" ">
            <subfield code="B">IDSSG</subfield>
            <subfield code="P">710</subfield>
            <subfield code="E">2-</subfield>
            <subfield code="a">Fachinstitut der Steuerberater</subfield>
            <subfield code="g">Köln</subfield>
            <subfield code="0">(DE-588)1086407938</subfield>
         </datafield>
         <datafield tag="950" ind1=" " ind2=" ">
            <subfield code="B">IDSSG</subfield>
            <subfield code="P">711</subfield>
            <subfield code="E">2-</subfield>
            <subfield code="a">Fachkongress der Steuerberater</subfield>
            <subfield code="0">(DE-588)1091853665</subfield>
         </datafield>
         <datafield tag="950" ind1=" " ind2=" ">
            <subfield code="B">IDSLU</subfield>
            <subfield code="P">111</subfield>
            <subfield code="E">2-</subfield>
            <subfield code="a">Fachkongress der Steuerberater</subfield>
            <subfield code="0">(DE-588)2081123-8</subfield>
         </datafield>
         <datafield tag="950" ind1=" " ind2=" ">
            <subfield code="B">IDSLU</subfield>
            <subfield code="P">710</subfield>
            <subfield code="E">2-</subfield>
            <subfield code="a">Fachinstitut der Steuerberater</subfield>
            <subfield code="0">(DE-588)2010077-2</subfield>
            <subfield code="e">Auftraggeber</subfield>
            <subfield code="4">pat</subfield>
         </datafield>
         <datafield tag="950" ind1=" " ind2=" ">
            <subfield code="B">NEBIS</subfield>
            <subfield code="P">710</subfield>
            <subfield code="E">2-</subfield>
            <subfield code="a">Fachinstitut der Steuerberater</subfield>
            <subfield code="g">Köln</subfield>
            <subfield code="0">(DE-588)1086407938</subfield>
         </datafield>
         <datafield tag="950" ind1=" " ind2=" ">
            <subfield code="B">NEBIS</subfield>
            <subfield code="P">711</subfield>
            <subfield code="E">2-</subfield>
            <subfield code="a">Fachkongress der Steuerberater</subfield>
            <subfield code="0">(DE-588)1092468005</subfield>
         </datafield>
         <datafield tag="986" ind1=" " ind2=" ">
            <subfield code="a">SWISSBIB</subfield>
            <subfield code="b">116672455</subfield>
         </datafield>
         <datafield tag="898" ind1=" " ind2=" ">
            <subfield code="a">CR030000</subfield>
            <subfield code="b">XR030000</subfield>
            <subfield code="c">XR030000</subfield>
         </datafield>
         <datafield tag="898" ind1=" " ind2=" ">
            <subfield code="a">CR030600</subfield>
            <subfield code="b">XR030000</subfield>
            <subfield code="c">XR030000</subfield>
         </datafield>
         <datafield tag="897" ind1=" " ind2=" ">
            <subfield code="a">b</subfield>
            <subfield code="b">21</subfield>
         </datafield>
         <datafield tag="852" ind1="4" ind2=" ">
            <subfield code="B">NEBIS</subfield>
            <subfield code="F">UECON</subfield>
            <subfield code="c">ULMZN</subfield>
            <subfield code="j">WWI F 1228</subfield>
            <subfield code="a">1977/78 ; 1981/82</subfield>
         </datafield>
         <datafield tag="852" ind1="4" ind2=" ">
            <subfield code="B">NEBIS</subfield>
            <subfield code="F">Z01</subfield>
            <subfield code="a">Einzelne Bände</subfield>
         </datafield>
         <datafield tag="956" ind1="4" ind2=" ">
            <subfield code="B">NEBIS</subfield>
            <subfield code="C">ZAD50</subfield>
            <subfield code="D">EBI01</subfield>
            <subfield code="a">Z01</subfield>
            <subfield code="u">http://opac.nebis.ch/objects/pdf/z01_007361193_01.pdf</subfield>
            <subfield code="y">Titelblatt und Inhaltsverzeichnis</subfield>
            <subfield code="x">VIEW</subfield>
            <subfield code="q">pdf</subfield>
         </datafield>
         <datafield tag="852" ind1="4" ind2=" ">
            <subfield code="B">IDSLU</subfield>
            <subfield code="F">LUUHL</subfield>
            <subfield code="c">U3FRE</subfield>
            <subfield code="j">Einzelsignaturen</subfield>
            <subfield code="a">2015/2016</subfield>
         </datafield>
         <datafield tag="949" ind1=" " ind2=" ">
            <subfield code="B">IDSSG</subfield>
            <subfield code="F">HSG</subfield>
            <subfield code="c">OG</subfield>
            <subfield code="j">PP 6236 S842 -1966/67</subfield>
         </datafield>
         <datafield tag="949" ind1=" " ind2=" ">
            <subfield code="B">IDSSG</subfield>
            <subfield code="F">HSG</subfield>
            <subfield code="c">OG</subfield>
            <subfield code="j">PP 6236 S842 -1967/68</subfield>
         </datafield>
         <datafield tag="949" ind1=" " ind2=" ">
            <subfield code="B">IDSSG</subfield>
            <subfield code="F">HSG</subfield>
            <subfield code="c">OG</subfield>
            <subfield code="j">PP 6236 S842 -1968/69</subfield>
         </datafield>
         <datafield tag="949" ind1=" " ind2=" ">
            <subfield code="B">IDSSG</subfield>
            <subfield code="F">HSG</subfield>
            <subfield code="c">OG</subfield>
            <subfield code="j">PP 6236 S842 -1969/70</subfield>
         </datafield>
         <datafield tag="949" ind1=" " ind2=" ">
            <subfield code="B">IDSSG</subfield>
            <subfield code="F">HSG</subfield>
            <subfield code="c">OG</subfield>
            <subfield code="j">PP 6236 S842 -1970/71</subfield>
         </datafield>
         <datafield tag="949" ind1=" " ind2=" ">
            <subfield code="B">IDSSG</subfield>
            <subfield code="F">HSG</subfield>
            <subfield code="c">OG</subfield>
            <subfield code="j">PP 6236 S842 -1971/72</subfield>
         </datafield>
         <datafield tag="949" ind1=" " ind2=" ">
            <subfield code="B">IDSSG</subfield>
            <subfield code="F">HSG</subfield>
            <subfield code="c">OG</subfield>
            <subfield code="j">PP 6236 S842 -1972/73</subfield>
         </datafield>
         <datafield tag="949" ind1=" " ind2=" ">
            <subfield code="B">IDSSG</subfield>
            <subfield code="F">HSG</subfield>
            <subfield code="c">OG</subfield>
            <subfield code="j">PP 6236 S842 -1973/74</subfield>
         </datafield>
         <datafield tag="949" ind1=" " ind2=" ">
            <subfield code="B">IDSSG</subfield>
            <subfield code="F">HSG</subfield>
            <subfield code="c">OG</subfield>
            <subfield code="j">PP 6236 S842 -1974/75</subfield>
         </datafield>
         <datafield tag="949" ind1=" " ind2=" ">
            <subfield code="B">IDSSG</subfield>
            <subfield code="F">HSG</subfield>
            <subfield code="c">OG</subfield>
            <subfield code="j">PP 6236 S842 -1975/76</subfield>
         </datafield>
         <datafield tag="949" ind1=" " ind2=" ">
            <subfield code="B">IDSSG</subfield>
            <subfield code="F">HSG</subfield>
            <subfield code="c">OG</subfield>
            <subfield code="j">PP 6236 S842 -1976/77</subfield>
         </datafield>
         <datafield tag="949" ind1=" " ind2=" ">
            <subfield code="B">IDSSG</subfield>
            <subfield code="F">HSG</subfield>
            <subfield code="c">OG</subfield>
            <subfield code="j">PP 6236 S842 -1977/78</subfield>
         </datafield>
         <datafield tag="949" ind1=" " ind2=" ">
            <subfield code="B">IDSSG</subfield>
            <subfield code="F">HSG</subfield>
            <subfield code="c">OG</subfield>
            <subfield code="j">PP 6236 S842 -1978/79</subfield>
         </datafield>
         <datafield tag="949" ind1=" " ind2=" ">
            <subfield code="B">IDSSG</subfield>
            <subfield code="F">HSG</subfield>
            <subfield code="c">OG</subfield>
            <subfield code="j">PP 6236 S842 -1979/80</subfield>
         </datafield>
         <datafield tag="949" ind1=" " ind2=" ">
            <subfield code="B">IDSSG</subfield>
            <subfield code="F">HSG</subfield>
            <subfield code="c">OG</subfield>
            <subfield code="j">PP 6236 S842 -1980/81</subfield>
         </datafield>
         <datafield tag="949" ind1=" " ind2=" ">
            <subfield code="B">IDSSG</subfield>
            <subfield code="F">HSG</subfield>
            <subfield code="c">OG</subfield>
            <subfield code="j">PP 6236 S842 -1981/82</subfield>
         </datafield>
         <datafield tag="949" ind1=" " ind2=" ">
            <subfield code="B">IDSSG</subfield>
            <subfield code="F">HSG</subfield>
            <subfield code="c">OG</subfield>
            <subfield code="j">PP 6236 S842 -1982/83</subfield>
         </datafield>
         <datafield tag="949" ind1=" " ind2=" ">
            <subfield code="B">IDSSG</subfield>
            <subfield code="F">HSG</subfield>
            <subfield code="c">OG</subfield>
            <subfield code="j">PP 6236 S842 -1983/84</subfield>
         </datafield>
         <datafield tag="949" ind1=" " ind2=" ">
            <subfield code="B">IDSSG</subfield>
            <subfield code="F">HSG</subfield>
            <subfield code="c">OG</subfield>
            <subfield code="j">PP 6236 S842 -1984/85</subfield>
         </datafield>
         <datafield tag="949" ind1=" " ind2=" ">
            <subfield code="B">IDSSG</subfield>
            <subfield code="F">HSG</subfield>
            <subfield code="c">OG</subfield>
            <subfield code="j">PP 6236 S842 -1985/86</subfield>
         </datafield>
         <datafield tag="949" ind1=" " ind2=" ">
            <subfield code="B">IDSSG</subfield>
            <subfield code="F">HSG</subfield>
            <subfield code="c">OG</subfield>
            <subfield code="j">PP 6236 S842 -1986/87</subfield>
         </datafield>
         <datafield tag="949" ind1=" " ind2=" ">
            <subfield code="B">IDSSG</subfield>
            <subfield code="F">HSG</subfield>
            <subfield code="c">OG</subfield>
            <subfield code="j">PP 6236 S842 -1987/88</subfield>
         </datafield>
         <datafield tag="949" ind1=" " ind2=" ">
            <subfield code="B">IDSSG</subfield>
            <subfield code="F">HSG</subfield>
            <subfield code="c">OG</subfield>
            <subfield code="j">PP 6236 S842 -1988/89</subfield>
         </datafield>
         <datafield tag="949" ind1=" " ind2=" ">
            <subfield code="B">IDSSG</subfield>
            <subfield code="F">HSG</subfield>
            <subfield code="c">OG</subfield>
            <subfield code="j">PP 6236 S842 -1989/90</subfield>
         </datafield>
         <datafield tag="949" ind1=" " ind2=" ">
            <subfield code="B">IDSSG</subfield>
            <subfield code="F">HSG</subfield>
            <subfield code="c">OG</subfield>
            <subfield code="j">PP 6236 S842 -1990/91</subfield>
         </datafield>
         <datafield tag="949" ind1=" " ind2=" ">
            <subfield code="B">IDSSG</subfield>
            <subfield code="F">HSG</subfield>
            <subfield code="c">OG</subfield>
            <subfield code="j">PP 6236 S842 -1991/92</subfield>
         </datafield>
         <datafield tag="949" ind1=" " ind2=" ">
            <subfield code="B">IDSSG</subfield>
            <subfield code="F">HSG</subfield>
            <subfield code="c">OG</subfield>
            <subfield code="j">PP 6236 S842 -1992/93</subfield>
         </datafield>
         <datafield tag="949" ind1=" " ind2=" ">
            <subfield code="B">IDSSG</subfield>
            <subfield code="F">HSG</subfield>
            <subfield code="c">OG</subfield>
            <subfield code="j">PP 6236 S842 -1993/94</subfield>
         </datafield>
         <datafield tag="949" ind1=" " ind2=" ">
            <subfield code="B">IDSSG</subfield>
            <subfield code="F">HSG</subfield>
            <subfield code="c">OG</subfield>
            <subfield code="j">PP 6236 S842 -1994/95</subfield>
         </datafield>
         <datafield tag="949" ind1=" " ind2=" ">
            <subfield code="B">IDSSG</subfield>
            <subfield code="F">HSG</subfield>
            <subfield code="c">OG</subfield>
            <subfield code="j">PP 6236 S842 -1995/96</subfield>
         </datafield>
         <datafield tag="949" ind1=" " ind2=" ">
            <subfield code="B">IDSSG</subfield>
            <subfield code="F">HSG</subfield>
            <subfield code="c">OG</subfield>
            <subfield code="j">PP 6236 S842 -1996/97</subfield>
         </datafield>
         <datafield tag="949" ind1=" " ind2=" ">
            <subfield code="B">IDSSG</subfield>
            <subfield code="F">HSG</subfield>
            <subfield code="c">OG</subfield>
            <subfield code="j">PP 6236 S842 -1997/98</subfield>
         </datafield>
         <datafield tag="949" ind1=" " ind2=" ">
            <subfield code="B">IDSSG</subfield>
            <subfield code="F">HSG</subfield>
            <subfield code="c">OG</subfield>
            <subfield code="j">PP 6236 S842 -1998/99</subfield>
         </datafield>
         <datafield tag="949" ind1=" " ind2=" ">
            <subfield code="B">IDSSG</subfield>
            <subfield code="F">HSG</subfield>
            <subfield code="c">OG</subfield>
            <subfield code="j">PP 6236 S842 -1999/2000</subfield>
         </datafield>
         <datafield tag="949" ind1=" " ind2=" ">
            <subfield code="B">IDSSG</subfield>
            <subfield code="F">HSG</subfield>
            <subfield code="c">OG</subfield>
            <subfield code="j">PP 6236 S842 -2000/2001</subfield>
         </datafield>
         <datafield tag="949" ind1=" " ind2=" ">
            <subfield code="B">IDSSG</subfield>
            <subfield code="F">HSG</subfield>
            <subfield code="c">OG</subfield>
            <subfield code="j">PP 6236 S842 -2001/2002</subfield>
         </datafield>
         <datafield tag="949" ind1=" " ind2=" ">
            <subfield code="B">IDSSG</subfield>
            <subfield code="F">HSG</subfield>
            <subfield code="c">OG</subfield>
            <subfield code="j">PP 6236 S842 -2002/2003</subfield>
         </datafield>
         <datafield tag="949" ind1=" " ind2=" ">
            <subfield code="B">IDSSG</subfield>
            <subfield code="F">HSG</subfield>
            <subfield code="c">OG</subfield>
            <subfield code="j">PP 6236 S842 -2003/2004</subfield>
         </datafield>
         <datafield tag="949" ind1=" " ind2=" ">
            <subfield code="B">IDSSG</subfield>
            <subfield code="F">HSG</subfield>
            <subfield code="c">OG</subfield>
            <subfield code="j">PP 6236 S842 -2004/2005</subfield>
         </datafield>
         <datafield tag="949" ind1=" " ind2=" ">
            <subfield code="B">IDSSG</subfield>
            <subfield code="F">HSG</subfield>
            <subfield code="c">OG</subfield>
            <subfield code="j">PP 6236 S842 -2005/2006</subfield>
         </datafield>
         <datafield tag="949" ind1=" " ind2=" ">
            <subfield code="B">IDSSG</subfield>
            <subfield code="F">HSG</subfield>
            <subfield code="c">OG</subfield>
            <subfield code="j">PP 6236 S842 -2006/2007</subfield>
         </datafield>
         <datafield tag="949" ind1=" " ind2=" ">
            <subfield code="B">IDSSG</subfield>
            <subfield code="F">HSG</subfield>
            <subfield code="c">OG</subfield>
            <subfield code="j">PP 6236 S842 -2007/2008</subfield>
         </datafield>
         <datafield tag="949" ind1=" " ind2=" ">
            <subfield code="B">IDSSG</subfield>
            <subfield code="F">HSG</subfield>
            <subfield code="c">OG</subfield>
            <subfield code="j">PP 6236 S842 -2008</subfield>
            <subfield code="z">2008/2009</subfield>
         </datafield>
         <datafield tag="949" ind1=" " ind2=" ">
            <subfield code="B">IDSSG</subfield>
            <subfield code="F">HSG</subfield>
            <subfield code="c">OG</subfield>
            <subfield code="j">PP 6236 S842 -2009</subfield>
            <subfield code="z">2009/2010</subfield>
         </datafield>
         <datafield tag="949" ind1=" " ind2=" ">
            <subfield code="B">IDSSG</subfield>
            <subfield code="F">HSG</subfield>
            <subfield code="c">OG</subfield>
            <subfield code="j">PP 6236 S842 -2010</subfield>
            <subfield code="z">2010/2011</subfield>
         </datafield>
         <datafield tag="949" ind1=" " ind2=" ">
            <subfield code="B">IDSSG</subfield>
            <subfield code="F">HSG</subfield>
            <subfield code="c">OG</subfield>
            <subfield code="j">PP 6236 S842 -2011</subfield>
            <subfield code="z">2011/2012</subfield>
         </datafield>
         <datafield tag="949" ind1=" " ind2=" ">
            <subfield code="B">IDSSG</subfield>
            <subfield code="F">HSG</subfield>
            <subfield code="c">OG</subfield>
            <subfield code="j">PP 6236 S842 -2012</subfield>
            <subfield code="z">2012/2013</subfield>
         </datafield>
         <datafield tag="949" ind1=" " ind2=" ">
            <subfield code="B">IDSSG</subfield>
            <subfield code="F">HSG</subfield>
            <subfield code="c">OG</subfield>
            <subfield code="j">PP 6236 S842 -2013</subfield>
            <subfield code="z">2013/2014</subfield>
         </datafield>
         <datafield tag="949" ind1=" " ind2=" ">
            <subfield code="B">IDSSG</subfield>
            <subfield code="F">HSG</subfield>
            <subfield code="c">OG</subfield>
            <subfield code="j">PP 6236 S842 -2014</subfield>
            <subfield code="z">2014/2015</subfield>
         </datafield>
         <datafield tag="949" ind1=" " ind2=" ">
            <subfield code="B">IDSSG</subfield>
            <subfield code="F">HSG</subfield>
            <subfield code="c">OG</subfield>
            <subfield code="j">PP 6236 S842 -2015</subfield>
            <subfield code="z">2015/2016</subfield>
         </datafield>
      <datafield tag="949" ind1=" " ind2=" "><subfield code="B">IDSSG</subfield><subfield code="F">HIFF</subfield><subfield code="c">BIB</subfield><subfield code="j">JB 136</subfield></datafield></record>