
<record xmlns:xs="http://www.w3.org/2001/XMLSchema">
         <leader>     cam a22     u  4500</leader>
         <controlfield tag="001">494993685</controlfield>
         <controlfield tag="003">CHVBK</controlfield>
         <controlfield tag="005">20190114082024.0</controlfield>
         <controlfield tag="008">171001s1971    sz |||||||||| 00   |ger d</controlfield>
         <datafield tag="019" ind1=" " ind2=" ">
            <subfield code="a">Attention : indexation ajuri convertie en jurivoc</subfield>
            <subfield code="5">iftfla/08.2014</subfield>
         </datafield>
         <datafield tag="020" ind1=" " ind2=" ">
            <subfield code="a">3-7272-9348-9</subfield>
         </datafield>
         <datafield tag="035" ind1=" " ind2=" ">
            <subfield code="a">(IDSBB)000367939</subfield>
         </datafield>
         <datafield tag="035" ind1=" " ind2=" ">
            <subfield code="a">(SNL)991010069809703976</subfield>
         </datafield>
         <datafield tag="035" ind1=" " ind2=" ">
            <subfield code="a">(IDSLU)000642002</subfield>
         </datafield>
         <datafield tag="035" ind1=" " ind2=" ">
            <subfield code="a">(NEBIS)000550160</subfield>
         </datafield>
         <datafield tag="035" ind1=" " ind2=" ">
            <subfield code="a">(RERO)0083551</subfield>
         </datafield>
         <datafield tag="035" ind1=" " ind2=" ">
            <subfield code="a">(VAUD)991004395839702852</subfield>
         </datafield>
         <datafield tag="035" ind1=" " ind2=" ">
            <subfield code="a">(ABN)000289804</subfield>
         </datafield>
         <datafield tag="035" ind1=" " ind2=" ">
            <subfield code="a">(SGBN)000029933</subfield>
         </datafield>
         <datafield tag="035" ind1=" " ind2=" ">
            <subfield code="a">(SBT)000000867</subfield>
         </datafield>
         <datafield tag="035" ind1=" " ind2=" ">
            <subfield code="a">(KBTG)23746</subfield>
         </datafield>
         <datafield tag="035" ind1=" " ind2=" ">
            <subfield code="a">(ALEX)99670134101791</subfield>
         </datafield>
         <datafield tag="035" ind1=" " ind2=" ">
            <subfield code="a">(IDSSG)000140545</subfield>
         </datafield>
         <datafield tag="035" ind1=" " ind2=" ">
            <subfield code="a">(Sz)382208-41snl_51</subfield>
         </datafield>
         <datafield tag="035" ind1=" " ind2=" ">
            <subfield code="a">(Sz)vtls000382208</subfield>
         </datafield>
         <datafield tag="035" ind1=" " ind2=" ">
            <subfield code="a">(Sz)000382208</subfield>
         </datafield>
         <datafield tag="035" ind1=" " ind2=" ">
            <subfield code="a">(RNV)000079874-41bculausa_network</subfield>
         </datafield>
         <datafield tag="035" ind1=" " ind2=" ">
            <subfield code="a">(RERO)000079874</subfield>
         </datafield>
         <datafield tag="035" ind1=" " ind2=" ">
            <subfield code="a">0083551</subfield>
         </datafield>
         <datafield tag="035" ind1=" " ind2=" ">
            <subfield code="a">(EXLNZ-41BCULAUSA_NETWORK)991002918469702851</subfield>
         </datafield>
         <datafield tag="040" ind1=" " ind2=" ">
            <subfield code="a">SzZuIDS BS/BE A100</subfield>
            <subfield code="b">ger</subfield>
            <subfield code="e">kids</subfield>
         </datafield>
         <datafield tag="072" ind1=" " ind2="7">
            <subfield code="a">s1dr</subfield>
            <subfield code="2">rero</subfield>
         </datafield>
         <datafield tag="072" ind1=" " ind2="7">
            <subfield code="a">s2se</subfield>
            <subfield code="2">rero</subfield>
         </datafield>
         <datafield tag="084" ind1=" " ind2=" ">
            <subfield code="a">PP 4065</subfield>
            <subfield code="2">rvk</subfield>
         </datafield>
         <datafield tag="084" ind1=" " ind2=" ">
            <subfield code="a">PP 8340</subfield>
            <subfield code="2">rvk</subfield>
         </datafield>
         <datafield tag="100" ind1="1" ind2=" ">
            <subfield code="a">Känzig</subfield>
            <subfield code="D">Ernst</subfield>
         </datafield>
         <datafield tag="245" ind1="1" ind2="0">
            <subfield code="a">Unternehmungskonzentrationen</subfield>
            <subfield code="b">eine steuerrechtliche Studie</subfield>
            <subfield code="c">Ernst Känzig</subfield>
         </datafield>
         <datafield tag="264" ind1=" " ind2="1">
            <subfield code="a">Bern</subfield>
            <subfield code="b">Stämpfli</subfield>
            <subfield code="c">1971</subfield>
         </datafield>
         <datafield tag="300" ind1=" " ind2=" ">
            <subfield code="a">210 S</subfield>
            <subfield code="c">23 cm</subfield>
         </datafield>
         <datafield tag="583" ind1=" " ind2=" ">
            <subfield code="8">1900338081</subfield>
            <subfield code="a">dea</subfield>
            <subfield code="i">ps</subfield>
            <subfield code="c">NB122-2002</subfield>
            <subfield code="l">nt</subfield>
         </datafield>
         <datafield tag="650" ind1=" " ind2="7">
            <subfield code="a">Fusion</subfield>
            <subfield code="0">(DE-588)4071520-6</subfield>
            <subfield code="2">gnd</subfield>
         </datafield>
         <datafield tag="650" ind1=" " ind2="7">
            <subfield code="a">Unternehmenskonzentration</subfield>
            <subfield code="0">(DE-588)4078603-1</subfield>
            <subfield code="2">gnd</subfield>
         </datafield>
         <datafield tag="650" ind1=" " ind2="7">
            <subfield code="a">Droit fiscal</subfield>
            <subfield code="2">rero</subfield>
         </datafield>
         <datafield tag="650" ind1=" " ind2="7">
            <subfield code="a">Entreprises</subfield>
            <subfield code="2">rero</subfield>
         </datafield>
         <datafield tag="650" ind1=" " ind2="7">
            <subfield code="a">Concentration industrielle</subfield>
            <subfield code="2">rero</subfield>
         </datafield>
         <datafield tag="650" ind1=" " ind2="7">
            <subfield code="a">imposta</subfield>
            <subfield code="9">ita</subfield>
            <subfield code="2">jurivoc</subfield>
         </datafield>
         <datafield tag="650" ind1=" " ind2="7">
            <subfield code="a">società anonima</subfield>
            <subfield code="9">ita</subfield>
            <subfield code="2">jurivoc</subfield>
         </datafield>
         <datafield tag="650" ind1=" " ind2="7">
            <subfield code="a">fusione</subfield>
            <subfield code="9">ita</subfield>
            <subfield code="2">jurivoc</subfield>
         </datafield>
         <datafield tag="650" ind1=" " ind2="7">
            <subfield code="a">assoggettamento(imposta)</subfield>
            <subfield code="9">ita</subfield>
            <subfield code="2">jurivoc</subfield>
         </datafield>
         <datafield tag="650" ind1=" " ind2="7">
            <subfield code="a">persona giuridica</subfield>
            <subfield code="9">ita</subfield>
            <subfield code="2">jurivoc</subfield>
         </datafield>
         <datafield tag="650" ind1=" " ind2="7">
            <subfield code="a">imposta sull'utile delle aziende</subfield>
            <subfield code="9">ita</subfield>
            <subfield code="2">jurivoc</subfield>
         </datafield>
         <datafield tag="650" ind1=" " ind2="7">
            <subfield code="a">impôt</subfield>
            <subfield code="9">fre</subfield>
            <subfield code="2">jurivoc</subfield>
         </datafield>
         <datafield tag="650" ind1=" " ind2="7">
            <subfield code="a">société anonyme</subfield>
            <subfield code="9">fre</subfield>
            <subfield code="2">jurivoc</subfield>
         </datafield>
         <datafield tag="650" ind1=" " ind2="7">
            <subfield code="a">assujettissement(impôt)</subfield>
            <subfield code="9">fre</subfield>
            <subfield code="2">jurivoc</subfield>
         </datafield>
         <datafield tag="650" ind1=" " ind2="7">
            <subfield code="a">personne morale</subfield>
            <subfield code="9">fre</subfield>
            <subfield code="2">jurivoc</subfield>
         </datafield>
         <datafield tag="650" ind1=" " ind2="7">
            <subfield code="a">impôt sur le bénéfice des entreprises</subfield>
            <subfield code="9">fre</subfield>
            <subfield code="2">jurivoc</subfield>
         </datafield>
         <datafield tag="650" ind1=" " ind2="7">
            <subfield code="a">Fusion</subfield>
            <subfield code="9">ger</subfield>
            <subfield code="2">jurivoc</subfield>
         </datafield>
         <datafield tag="650" ind1=" " ind2="7">
            <subfield code="a">concentration économique</subfield>
            <subfield code="x">entreprise</subfield>
            <subfield code="x">* droit fiscal</subfield>
            <subfield code="z">Suisse</subfield>
            <subfield code="2">chrero</subfield>
         </datafield>
         <datafield tag="650" ind1=" " ind2="7">
            <subfield code="a">fusion</subfield>
            <subfield code="9">fre</subfield>
            <subfield code="2">jurivoc</subfield>
         </datafield>
         <datafield tag="650" ind1=" " ind2="7">
            <subfield code="a">Aktiengesellschaft</subfield>
            <subfield code="9">ger</subfield>
            <subfield code="2">jurivoc</subfield>
         </datafield>
         <datafield tag="650" ind1=" " ind2="7">
            <subfield code="a">Steuer</subfield>
            <subfield code="9">ger</subfield>
            <subfield code="2">jurivoc</subfield>
         </datafield>
         <datafield tag="650" ind1=" " ind2="7">
            <subfield code="a">juristische Person</subfield>
            <subfield code="9">ger</subfield>
            <subfield code="2">jurivoc</subfield>
         </datafield>
         <datafield tag="650" ind1=" " ind2="7">
            <subfield code="a">Steuerpflicht</subfield>
            <subfield code="9">ger</subfield>
            <subfield code="2">jurivoc</subfield>
         </datafield>
         <datafield tag="650" ind1=" " ind2="7">
            <subfield code="a">Steuer vom Unternehmungsgewinn</subfield>
            <subfield code="9">ger</subfield>
            <subfield code="2">jurivoc</subfield>
         </datafield>
         <datafield tag="651" ind1=" " ind2="7">
            <subfield code="a">Suisse</subfield>
            <subfield code="2">rero</subfield>
         </datafield>
         <datafield tag="651" ind1=" " ind2="7">
            <subfield code="a">Suisse(État)</subfield>
            <subfield code="9">fre</subfield>
            <subfield code="2">jurivoc</subfield>
         </datafield>
         <datafield tag="651" ind1=" " ind2="7">
            <subfield code="a">Svizzera(Stato)</subfield>
            <subfield code="9">ita</subfield>
            <subfield code="2">jurivoc</subfield>
         </datafield>
         <datafield tag="651" ind1=" " ind2="7">
            <subfield code="a">Schweiz</subfield>
            <subfield code="9">ger</subfield>
            <subfield code="2">jurivoc</subfield>
         </datafield>
         <datafield tag="690" ind1=" " ind2="7">
            <subfield code="B">u</subfield>
            <subfield code="a">Unternehmungskonzentrationen, B: Steuerrecht. Schweiz</subfield>
            <subfield code="2">idslu L1</subfield>
         </datafield>
         <datafield tag="690" ind1=" " ind2="7">
            <subfield code="B">u</subfield>
            <subfield code="a">Steuerrecht. Schweiz, B: Unternehmungskonzentrationen</subfield>
            <subfield code="2">idslu L1</subfield>
         </datafield>
         <datafield tag="690" ind1=" " ind2="7">
            <subfield code="B">u</subfield>
            <subfield code="a">Unternehmen, B: Konzentration: Steuerrecht. Schweiz</subfield>
            <subfield code="2">idslu L1</subfield>
         </datafield>
         <datafield tag="690" ind1=" " ind2="7">
            <subfield code="B">u</subfield>
            <subfield code="a">Konzentration: spezielle Studien</subfield>
            <subfield code="2">idsuzh UC</subfield>
         </datafield>
         <datafield tag="690" ind1=" " ind2="7">
            <subfield code="B">u</subfield>
            <subfield code="a">Steuerrecht: einzelne Fragen</subfield>
            <subfield code="2">idsuzh UC</subfield>
         </datafield>
         <datafield tag="690" ind1=" " ind2="7">
            <subfield code="B">u</subfield>
            <subfield code="a">Unternehmungszusammenschlüsse: einzelne Fragen</subfield>
            <subfield code="2">idsuzh UC</subfield>
         </datafield>
         <datafield tag="690" ind1=" " ind2="7">
            <subfield code="B">s</subfield>
            <subfield code="a">Steuerrecht</subfield>
            <subfield code="x">Unternehmungen</subfield>
            <subfield code="2">sgbn S</subfield>
         </datafield>
         <datafield tag="690" ind1=" " ind2="7">
            <subfield code="B">s</subfield>
            <subfield code="a">Betriebswirtschaft</subfield>
            <subfield code="x">Konzentration</subfield>
            <subfield code="2">sgbn S</subfield>
         </datafield>
         <datafield tag="690" ind1=" " ind2="7">
            <subfield code="B">s</subfield>
            <subfield code="a">concentrazione economica</subfield>
            <subfield code="x">impresa</subfield>
            <subfield code="z">* diritto fiscale</subfield>
            <subfield code="z">* Svizzera</subfield>
            <subfield code="2">sbt TR</subfield>
         </datafield>
         <datafield tag="690" ind1=" " ind2="7">
            <subfield code="B">u</subfield>
            <subfield code="u">PN</subfield>
            <subfield code="a">Einkommen- und Vermögensteuern, Ertrag- und Kapitalsteuern : 101 Besondere Arten von juristischen Personen</subfield>
            <subfield code="2">idssg HD</subfield>
         </datafield>
         <datafield tag="691" ind1=" " ind2="7">
            <subfield code="B">u</subfield>
            <subfield code="a">UNTERNEHMENSKONZENTRATION + UNTERNEHMENSZENTRALISIERUNG (ORGANISATIONSSTRUKTUREN)</subfield>
            <subfield code="z">ger</subfield>
            <subfield code="u">65,03.03.04</subfield>
            <subfield code="2">nebis E1</subfield>
         </datafield>
         <datafield tag="691" ind1=" " ind2="7">
            <subfield code="B">u</subfield>
            <subfield code="a">STEUERRECHT + FISKALRECHT (SPEZIELLE RECHTSZWEIGE)</subfield>
            <subfield code="z">ger</subfield>
            <subfield code="u">349.12</subfield>
            <subfield code="2">nebis E1</subfield>
         </datafield>
         <datafield tag="691" ind1=" " ind2="7">
            <subfield code="B">u</subfield>
            <subfield code="a">SCHWEIZ (MITTELEUROPA). SCHWEIZERISCHE EIDGENOSSENSCHAFT</subfield>
            <subfield code="z">ger</subfield>
            <subfield code="u">(494)</subfield>
            <subfield code="2">nebis E1</subfield>
         </datafield>
         <datafield tag="691" ind1=" " ind2="7">
            <subfield code="B">u</subfield>
            <subfield code="a">BUSINESS CONCENTRATION + BUSINESS CENTRALIZATION (ORGANIZATIONAL STRUCTURES)</subfield>
            <subfield code="z">eng</subfield>
            <subfield code="u">65,03.03.04</subfield>
            <subfield code="2">nebis E1</subfield>
         </datafield>
         <datafield tag="691" ind1=" " ind2="7">
            <subfield code="B">u</subfield>
            <subfield code="a">COORDINATION + CENTRALISATION (ECONOMIE D ENTREPRISE)</subfield>
            <subfield code="z">fre</subfield>
            <subfield code="u">65,03.03.04</subfield>
            <subfield code="2">nebis E1</subfield>
         </datafield>
         <datafield tag="691" ind1=" " ind2="7">
            <subfield code="B">u</subfield>
            <subfield code="a">TAX LAW + FISCAL LAW (SPECIAL LAW BRANCHES)</subfield>
            <subfield code="z">eng</subfield>
            <subfield code="u">349.12</subfield>
            <subfield code="2">nebis E1</subfield>
         </datafield>
         <datafield tag="691" ind1=" " ind2="7">
            <subfield code="B">u</subfield>
            <subfield code="a">DROIT D'IMPÔT + DROIT FISCAL (BRANCHES SPÉCIALES DU DROIT)</subfield>
            <subfield code="z">fre</subfield>
            <subfield code="u">349.12</subfield>
            <subfield code="2">nebis E1</subfield>
         </datafield>
         <datafield tag="691" ind1=" " ind2="7">
            <subfield code="B">u</subfield>
            <subfield code="a">SUISSE (EUROPE CENTRALE). CONFÉDÉRATION SUISSE</subfield>
            <subfield code="z">fre</subfield>
            <subfield code="u">(494)</subfield>
            <subfield code="2">nebis E1</subfield>
         </datafield>
         <datafield tag="691" ind1=" " ind2="7">
            <subfield code="B">u</subfield>
            <subfield code="a">SWITZERLAND (CENTRAL EUROPE). SWISS CONFEDERATION</subfield>
            <subfield code="z">eng</subfield>
            <subfield code="u">(494)</subfield>
            <subfield code="2">nebis E1</subfield>
         </datafield>
         <datafield tag="691" ind1=" " ind2="7">
            <subfield code="2">rero dr-sys</subfield>
            <subfield code="u">CA/CH 54.2 h</subfield>
         </datafield>
         <datafield tag="691" ind1=" " ind2="7">
            <subfield code="2">vaud dr-sys</subfield>
            <subfield code="u">CA/CH 54.2 h</subfield>
         </datafield>
         <datafield tag="691" ind1=" " ind2="7">
            <subfield code="B">u</subfield>
            <subfield code="u">CA/CH 54.2 h KAEN 1971</subfield>
            <subfield code="2">sbt TB</subfield>
         </datafield>
         <datafield tag="691" ind1=" " ind2="7">
            <subfield code="B">u</subfield>
            <subfield code="u">CA/CH 54.2 h</subfield>
            <subfield code="2">sbt TA</subfield>
         </datafield>
         <datafield tag="898" ind1=" " ind2=" ">
            <subfield code="a">BK020000</subfield>
            <subfield code="b">XK020000</subfield>
            <subfield code="c">XK020000</subfield>
         </datafield>
         <datafield tag="909" ind1=" " ind2="7">
            <subfield code="f">medea 64567</subfield>
            <subfield code="2">idslu LA</subfield>
         </datafield>
         <datafield tag="909" ind1=" " ind2="7">
            <subfield code="a">MedeaZBZ</subfield>
            <subfield code="b">SWK</subfield>
            <subfield code="2">idszbz ZR</subfield>
         </datafield>
         <datafield tag="909" ind1=" " ind2="7">
            <subfield code="a">rwimon201111l</subfield>
            <subfield code="c">biss</subfield>
            <subfield code="2">idszbz Z2</subfield>
         </datafield>
         <datafield tag="909" ind1=" " ind2="7">
            <subfield code="f">medea</subfield>
            <subfield code="2">idsuzh U2</subfield>
         </datafield>
         <datafield tag="912" ind1=" " ind2="7">
            <subfield code="a">wi</subfield>
            <subfield code="2">SzZuIDS BS/BE</subfield>
         </datafield>
         <datafield tag="912" ind1=" " ind2="7">
            <subfield code="a">rs</subfield>
            <subfield code="2">SGBN</subfield>
         </datafield>
         <datafield tag="912" ind1=" " ind2="7">
            <subfield code="a">dr</subfield>
            <subfield code="2">SzBzSBTc</subfield>
         </datafield>
         <datafield tag="912" ind1=" " ind2="7">
            <subfield code="a">se</subfield>
            <subfield code="2">SzBzSBTc</subfield>
         </datafield>
         <datafield tag="949" ind1=" " ind2=" ">
            <subfield code="B">SNL</subfield>
            <subfield code="F">NB001</subfield>
            <subfield code="j">N 123287</subfield>
            <subfield code="c">NB10010</subfield>
         </datafield>
         <datafield tag="949" ind1=" " ind2=" ">
            <subfield code="B">NEBIS</subfield>
            <subfield code="F">E19</subfield>
            <subfield code="j">47751</subfield>
         </datafield>
         <datafield tag="949" ind1=" " ind2=" ">
            <subfield code="B">NEBIS</subfield>
            <subfield code="F">Z16</subfield>
            <subfield code="j">Te 174</subfield>
         </datafield>
         <datafield tag="949" ind1=" " ind2=" ">
            <subfield code="B">RERO</subfield>
            <subfield code="F">RE01003</subfield>
            <subfield code="c">RE010030001</subfield>
            <subfield code="j">SJOURN A-877</subfield>
         </datafield>
         <datafield tag="949" ind1=" " ind2=" ">
            <subfield code="B">RERO</subfield>
            <subfield code="F">RE01085</subfield>
            <subfield code="c">RE010850003</subfield>
            <subfield code="j">DR CA/CH 54.2 h KAEN 1971</subfield>
            <subfield code="s">VG 251</subfield>
         </datafield>
         <datafield tag="949" ind1=" " ind2=" ">
            <subfield code="B">RERO</subfield>
            <subfield code="F">RE31013</subfield>
            <subfield code="c">RE310130001</subfield>
            <subfield code="j">CA/CH 54.2 h KAEN 1971</subfield>
            <subfield code="s">NEDM 3604</subfield>
         </datafield>
         <datafield tag="949" ind1=" " ind2=" ">
            <subfield code="B">RERO</subfield>
            <subfield code="F">RE61050</subfield>
            <subfield code="c">RE610500004</subfield>
            <subfield code="j">CA/CH 54.2 h KAEN 1971</subfield>
            <subfield code="s">BFDA 27932</subfield>
         </datafield>
         <datafield tag="949" ind1=" " ind2=" ">
            <subfield code="B">RERO</subfield>
            <subfield code="F">RE71040</subfield>
            <subfield code="c">RE710400001</subfield>
            <subfield code="j">TFLa J 46/374</subfield>
         </datafield>
         <datafield tag="949" ind1=" " ind2=" ">
            <subfield code="B">VAUD</subfield>
            <subfield code="F">bcue</subfield>
            <subfield code="j">ZAB 4574</subfield>
            <subfield code="c">810030020</subfield>
         </datafield>
         <datafield tag="949" ind1=" " ind2=" ">
            <subfield code="B">KBTG</subfield>
            <subfield code="F">KBS</subfield>
            <subfield code="j">BA 5615</subfield>
         </datafield>
         <datafield tag="949" ind1=" " ind2=" ">
            <subfield code="B">ALEX</subfield>
            <subfield code="F">BIG</subfield>
            <subfield code="j">BIG ESTV AM 979.58.D1</subfield>
            <subfield code="c">Magazin1</subfield>
         </datafield>
         <datafield tag="949" ind1=" " ind2=" ">
            <subfield code="B">ALEX</subfield>
            <subfield code="F">BIG</subfield>
            <subfield code="j">BIG ESTV AM 979.58.D2</subfield>
            <subfield code="c">Magazin1</subfield>
            <subfield code="z">D2</subfield>
         </datafield>
         <datafield tag="949" ind1=" " ind2=" ">
            <subfield code="B">IDSBB</subfield>
            <subfield code="F">B464</subfield>
            <subfield code="c">464AR</subfield>
            <subfield code="j">IST B. 75. 4</subfield>
         </datafield>
         <datafield tag="949" ind1=" " ind2=" ">
            <subfield code="B">IDSLU</subfield>
            <subfield code="F">LUZHB</subfield>
            <subfield code="c">SBIZB</subfield>
            <subfield code="j">H.b 659</subfield>
         </datafield>
         <datafield tag="949" ind1=" " ind2=" ">
            <subfield code="B">IDSSG</subfield>
            <subfield code="F">HIFF</subfield>
            <subfield code="c">BIB</subfield>
            <subfield code="j">PN 206</subfield>
         </datafield>
         <datafield tag="949" ind1=" " ind2=" ">
            <subfield code="B">SBT</subfield>
            <subfield code="F">BZCLD</subfield>
            <subfield code="c">306</subfield>
            <subfield code="j">CLD CA/CH 54.2 h KAEN 1971</subfield>
         </datafield>
         <datafield tag="949" ind1=" " ind2=" ">
            <subfield code="B">NEBIS</subfield>
            <subfield code="F">Z01</subfield>
            <subfield code="c">04</subfield>
            <subfield code="j">FC 30176</subfield>
         </datafield>
         <datafield tag="949" ind1=" " ind2=" ">
            <subfield code="B">IDSBB</subfield>
            <subfield code="F">A208</subfield>
            <subfield code="c">LS</subfield>
            <subfield code="j">JF N VI 114</subfield>
            <subfield code="x">REKATA1100502</subfield>
         </datafield>
         <datafield tag="949" ind1=" " ind2=" ">
            <subfield code="B">IDSBB</subfield>
            <subfield code="F">A100</subfield>
            <subfield code="c">MAG</subfield>
            <subfield code="j">UBH ni 323</subfield>
         </datafield>
         <datafield tag="949" ind1=" " ind2=" ">
            <subfield code="B">IDSBB</subfield>
            <subfield code="F">A125</subfield>
            <subfield code="c">125ST</subfield>
            <subfield code="j">SWA Bw B 4</subfield>
            <subfield code="x">075.0950</subfield>
         </datafield>
         <datafield tag="949" ind1=" " ind2=" ">
            <subfield code="B">SGBN</subfield>
            <subfield code="F">SGKBV</subfield>
            <subfield code="c">KM</subfield>
            <subfield code="j">E 1323</subfield>
         </datafield>
         <datafield tag="949" ind1=" " ind2=" ">
            <subfield code="B">ABN</subfield>
            <subfield code="F">OGB</subfield>
            <subfield code="c">OGMAG</subfield>
            <subfield code="j">OGB C 1334</subfield>
         </datafield>
         <datafield tag="949" ind1=" " ind2=" ">
            <subfield code="B">NEBIS</subfield>
            <subfield code="F">E95</subfield>
            <subfield code="c">E95BM</subfield>
            <subfield code="j">KN-29B</subfield>
         </datafield>
         <datafield tag="949" ind1=" " ind2=" ">
            <subfield code="B">IDSSG</subfield>
            <subfield code="F">HSG</subfield>
            <subfield code="c">BURON</subfield>
            <subfield code="j">+GHug F .405</subfield>
         </datafield>
         <datafield tag="949" ind1=" " ind2=" ">
            <subfield code="B">IDSBB</subfield>
            <subfield code="F">B400</subfield>
            <subfield code="c">400J3</subfield>
            <subfield code="j">BeM ZB Jus XXXII 2727</subfield>
            <subfield code="x">Akz: be/stub/u</subfield>
         </datafield>
         <datafield tag="949" ind1=" " ind2=" ">
            <subfield code="B">NEBIS</subfield>
            <subfield code="F">UBFB</subfield>
            <subfield code="c">ULBMA</subfield>
            <subfield code="j">BFB M 173</subfield>
         </datafield>
         <datafield tag="949" ind1=" " ind2=" ">
            <subfield code="B">NEBIS</subfield>
            <subfield code="F">UBFB</subfield>
            <subfield code="c">ULBMA</subfield>
            <subfield code="j">BFB M 173</subfield>
            <subfield code="z">Expl 2</subfield>
         </datafield>
         <datafield tag="950" ind1=" " ind2=" ">
            <subfield code="B">IDSBB</subfield>
            <subfield code="P">100</subfield>
            <subfield code="E">1-</subfield>
            <subfield code="a">Känzig</subfield>
            <subfield code="D">Ernst</subfield>
         </datafield>
         <datafield tag="950" ind1=" " ind2=" ">
            <subfield code="B">SNL</subfield>
            <subfield code="P">100</subfield>
            <subfield code="E">1-</subfield>
            <subfield code="a">Känzig</subfield>
            <subfield code="D">Ernst</subfield>
         </datafield>
         <datafield tag="950" ind1=" " ind2=" ">
            <subfield code="B">IDSLU</subfield>
            <subfield code="P">100</subfield>
            <subfield code="E">1-</subfield>
            <subfield code="a">Känzig</subfield>
            <subfield code="D">Ernst</subfield>
         </datafield>
         <datafield tag="950" ind1=" " ind2=" ">
            <subfield code="B">NEBIS</subfield>
            <subfield code="P">100</subfield>
            <subfield code="E">1-</subfield>
            <subfield code="a">Känzig</subfield>
            <subfield code="D">Ernst</subfield>
         </datafield>
         <datafield tag="950" ind1=" " ind2=" ">
            <subfield code="B">RERO</subfield>
            <subfield code="P">100</subfield>
            <subfield code="E">1-</subfield>
            <subfield code="a">Känzig</subfield>
            <subfield code="D">Ernst</subfield>
         </datafield>
         <datafield tag="950" ind1=" " ind2=" ">
            <subfield code="B">VAUD</subfield>
            <subfield code="P">100</subfield>
            <subfield code="E">1-</subfield>
            <subfield code="a">Känzig</subfield>
            <subfield code="D">Ernst</subfield>
         </datafield>
         <datafield tag="950" ind1=" " ind2=" ">
            <subfield code="B">ABN</subfield>
            <subfield code="P">100</subfield>
            <subfield code="E">1-</subfield>
            <subfield code="a">Känzig</subfield>
            <subfield code="D">Ernst</subfield>
         </datafield>
         <datafield tag="950" ind1=" " ind2=" ">
            <subfield code="B">SGBN</subfield>
            <subfield code="P">100</subfield>
            <subfield code="E">1-</subfield>
            <subfield code="a">Känzig</subfield>
            <subfield code="D">Ernst</subfield>
         </datafield>
         <datafield tag="950" ind1=" " ind2=" ">
            <subfield code="B">SBT</subfield>
            <subfield code="P">100</subfield>
            <subfield code="E">1-</subfield>
            <subfield code="a">Känzig</subfield>
            <subfield code="D">Ernst</subfield>
         </datafield>
         <datafield tag="950" ind1=" " ind2=" ">
            <subfield code="B">KBTG</subfield>
            <subfield code="P">100</subfield>
            <subfield code="E">1-</subfield>
            <subfield code="a">Känzig</subfield>
            <subfield code="D">Ernst</subfield>
            <subfield code="d">1908-1995</subfield>
            <subfield code="0">(DE-588)118714546</subfield>
         </datafield>
         <datafield tag="950" ind1=" " ind2=" ">
            <subfield code="B">ALEX</subfield>
            <subfield code="P">100</subfield>
            <subfield code="E">1-</subfield>
            <subfield code="a">Känzig</subfield>
            <subfield code="D">Ernst</subfield>
         </datafield>
         <datafield tag="950" ind1=" " ind2=" ">
            <subfield code="B">IDSSG</subfield>
            <subfield code="P">100</subfield>
            <subfield code="E">1-</subfield>
            <subfield code="a">Känzig</subfield>
            <subfield code="D">Ernst</subfield>
         </datafield>
         <datafield tag="986" ind1=" " ind2=" ">
            <subfield code="a">SWISSBIB</subfield>
            <subfield code="b">362046433</subfield>
         </datafield>
         <datafield tag="986" ind1=" " ind2=" ">
            <subfield code="a">ORANGE</subfield>
            <subfield code="b">479473587</subfield>
         </datafield>
      <datafield tag="949" ind1=" " ind2=" "><subfield code="B">IDSSG</subfield><subfield code="F">HIFF</subfield><subfield code="c">BIB</subfield><subfield code="j">PN 206</subfield></datafield></record>